3072 5180
301 350 363 414 120

301 539 378 599 huni.
421 533 587 596 Philodami
609 533 667 615 hp.
691 529 779 612 XIX,
798 532 835 595 ὅτ
858 533 973 609 παίζειν
995 533 1045 600 ὅτε
1063 536 1179 622 καιρός.
1226 543 1302 606 Hor.
1327 545 1425 626 Epist.

300 638 325 714 l,
351 635 401 715 ll,
422 633 482 700 36:
501 652 585 716 „neo
608 635 760 696 lusisse
782 636 892 715 pudet,
922 636 977 697 scil
1003 655 1060 700 non
1091 642 1222 706 incidere
1252 645 1425 708 ludum.“

299 737 376 800 'l'um
404 738 442 799 ‹le
469 737 579 820 quovis
607 737 776 800 carmine
807 735 950 800 hilariore
974 744 1152 820 usurpatur,
1174 747 1208 806 ut
1228 746 1315 808 Pind.
1331 747 1381 810 Ol.
1398 747 1423 827 l,

300 836 357 904 16:
387 832 438 902 οἷα
461 837 656 920 παίζομεν
682 841 774 918 φίλαν
789 833 919 919 ’Ἀνδρος
942 836 1022 921 ἀμφὶ
1050 838 1142 922 θαμὰ
1171 841 1343 923 τράπεζαν.
1371 849 1424 910 uhi

300 943 409 1022 poetas
431 938 520 1001 viles
543 941 594 1023 qul
617 949 711 1021 saepe
735 942 764 1001 ln
787 940 941 1002 conviviis
963 945 997 1004 et
1017 944 1309 1006 commissatlonihus
1333 949 1424 1010 iami-

298 1043 415 1106 liarlter
438 1041 586 1106 corrinnei!
607 1061 696 1124 quunr
724 1044 784 1106 alia
804 1045 993 1124 tempestiva
1024 1045 1112 1106 animi
1143 1063 1253 1108 caussa
1283 1047 1423 1113 luderent

299 1153 360 1211 turo
380 1145 487 1210 sooliis
500 1163 538 1206 aa
556 1143 763 1207 oblectarent:
790 1145 879 1226 quel
889 1143 1091 1209 Callimachus
1114 1146 1188 1210 licit
1203 1148 1258 1228 llp.
1272 1147 1376 1212 37.’
1343 1152 1420 1234 vaip

295 1255 401 1334 καίρια
417 1242 678 1330 σογγείιισαι.
711 1247 753 1308 cf·
775 1241 872 1325 Virg·
893 1247 960 1310 hol.
982 1247 1007 1328 l,
1033 1246 1104 1329 lli,
1127 1249 1201 1310 Hor.
1226 1251 1291 1312 sat
1316 1250 1340 1330 l,
1365 1249 1418 1330 l0,

294 1350 348 1415 37.
393 1351 459 1415 Sall
482 1353 518 1413 ut
537 1350 627 1412 etiam
649 1331 757 1411 seolia
766 1346 943 1431 plerumque
967 1353 1175 1428 argumentum
1192 1352 1344 1415 habehant
1363 1353 1416 1414 lu-

294 1454 422 1517 diorum
428 1455 462 1516 et
486 1451 670 1530 amatorium,
691 1450 734 1512 ita
757 1450 875 1525 παίζειν
899 1453 1066 1532 praecipue
1089 1453 1118 1515 in
1141 1453 1273 1515 levis.
1297 1457 1417 1516 amato-

287 1557 339 1618 rio
369 1569 485 1634 genere
514 1552 675 1616 carminum
704 1543 938 1632 frequentatum.
993 1551 1073 1616 Vide
1099 1556 1138 1616 ad
1161 1553 1197 1618 C.
1221 1552 1318 1633 1,6.‚
1349 1553 1417 1618 ooll.

292 1656 537 1732 llcrtaherg.
565 1652 603 1714 ao
626 1651 770 1732 Propert.
794 1651 827 1731 l,
850 1652 901 1734 1⁰,
921 1653 952 1719 9.
975 1658 1026 1735 et,
1048 1658 1099 1738 qui
1121 1655 1238 1729 παίζειν
1260 1656 1299 1716 de
1324 1659 1415 1718 cantu

293 1758 346 1822 vel
366 1751 497 1821 carmine
516 1753 661 1834 illustrat,
683 1753 830 1816 Ruhnlu
854 1757 892 1818 acl
915 1756 995 1819 Tim.
1015 1778 1046 1838 p.
1069 1755 1142 1818 777.
1185 1753 1294 1832 Neque
1313 1759 1414 1816 tamen

257 1893 260 1898 ·
292 1861 361 1923 ileo
384 1859 525 1922 caducum
556 1855 678 1937 aliquod
708 1873 827 1918 carmen
857 1857 1095 1936 intelligendum·
1113 1863 1178 1936 est,
1211 1856 1300 1936 quale
1323 1857 1412 1919 Nau·

292 1964 378 2027 chius
389 1957 420 2045 ¹)
438 1958 549 2038 aliique
563 1955 682 2019 Horatii
701 1957 797 2019 verba
821 1977 980 2040 perperam
998 1960 1209 2021 construentes
1226 1958 1413 2037 intelligunt.

291 2065 345 2127 Sic
367 2062 443 2124 euim
464 2058 597 2137 Nostro,
630 2058 681 2138 qui
707 2058 737 2119 in
759 2057 807 2120 his
833 2061 923 2122 rehus
946 2059 1170 2146 iere-omnihus
1197 2057 1334 2122 Graecos
1357 2078 1412 2122 se-

290 2165 402 2245 quitur,
425 2159 554 2223 carmina
573 2159 719 2224 vivunt
738 2161 807 2223 sive
829 2162 1040 2240 durant‚-„si
1064 2162 1159 2223 vivax
1186 2178 1284 2222 venus
1299 2161 1410 2241 lepos-

282 2283 349 2349 -qoe
373 2263 460 2326 iniis
478 2260 563 2324 insit.
587 2259 786 2325 Pindarus
809 2262 978 2342 Nem-lv,
1000 2260 1040 2324 ¹6:
1152 2321 1153 2324 ,

389 2359 473 2448 ῥῆμα
490 2357 693 2443 δ’ὲργμιίτίνν
714 2359 984 2446 χρονιώτερον
1005 2361 1190 2444 βιοτεύει

282 2502 286 2509 ·
388 2457 939 2550 ὅτιιιιαίνΧαρίιαντιίχα

281 2603 285 2615 ·
384 2568 511 2651 prorsa
531 2563 698 2652 φρονοςξ
664 2567 698 2642 l}
699 2568 761 2630 tior
782 2571 927 2648 βαθιίας,

270 2671 337 2754 subl
352 2670 565 2736 scholiastes,
590 2691 636 2743 ως
659 2664 717 2731 loto
746 2689 782 2748 γε
809 2672 908 2749 χωρίς
928 2670 1078 2748 Χαρίτων
1102 2663 1256 2750 γράφηται
1280 2664 1297 2734 ὁ
1317 2667 1409 2752 λόγος

284 2770 425 2839 decimis
447 2795 500 2835 ναι
490 2769 679 2851 ἔσβεσται
702 2764 755 2833 ἐὰν
777 2773 812 2834 δὲ
833 2794 912 2852 μετα
902 2764 1086 2850 Χαρίτων,
1108 2769 1192 2848 μένει
1214 2767 1293 2851 πρὸς
1312 2771 1407 2836 αι’ῶνα
1515 2767 1516 2784 ’

284 2873 793 2954 οίδιαιιιαίΙίαίίίμαχος).
879 2897 883 2906 ’

278 3025 282 3034 ·
380 2975 501 3041 ”himas
521 2978 594 3052 νῦν,
618 2971 753 3055 ίίίγονσι
772 2969 1009 3057 τ’ίντψῆσασθε
1029 2965 1166 3041 λατώσας

426 3087 550 3158 χεῖρας,
569 3069 616 3136 ‘lo'’
635 3071 770 3156 είίφημοι
791 3070 913 3138 moola)
934 3075 1105 3155 μένωσιν
1127 3065 1264 3152 ἕποι’)
1513 3135 1514 3150 p

286 3179 409 3243 Gratias
430 3179 524 3255 rogat
547 3172 767 3256 Callimachus,
788 3179 822 3239 at
847 3195 951 3241 manus
972 3174 1147 3248 fragrantes
1169 3170 1198 3230 in
1221 3172 1316 3251 ipsius
1335 3171 1404 3234 cle·
1513 3165 1514 3172 '

284 3282 337 3361 gis
357 3268 551 3356 saurgom·
577 3295 639 3360 qno
663 3279 779 3341 eunctis
801 3276 924 3355 probati
946 3267 1123 3353 perennent.
1168 3270 1308 3333 Nimirum
1333 3273 1404 3335 illac

281 3379 335 3464 (aa
351 3379 423 3442 alili
443 3376 648 3460 lancearii.
673 3379 806 3442 'l'heoen
827 3373 928 3452 xvii,
953 3371 997 3438 36
1017 3390 1103 3454 seq„
1126 3372 1197 3436 cell.
1219 3374 1293 3436 llor.
1319 3373 1355 3440 G.
1379 3375 1404 3454 l,

336 3637 365 3705 1)
384 3631 473 3700 „Dem
492 3631 608 3688 leiehlcn
625 3626 754 3686 Getintlcl
772 3623 910 3694 (lusimus)
933 3622 1001 3676 wirtl
1016 3622 1065 3676 das
1083 3622 1300 3679 hleihcnchictl
1318 3625 1403 3696 (quod

386 3715 496 3783 vivat)‚·
507 3715 565 3768 dem
581 3710 756 3767 lateinischen
775 3708 824 3762 das
841 3705 974 3762 leshlsohe
992 3708 1291 3778 gegenhhcrgestcllt,“

335 3798 366 3865 2)
383 3795 490 3864 Fragm.
510 3804 569 3852 ιιι.
587 3796 751 3849 Sententiam
761 3789 928 3856 Callimachi,
949 3806 1017 3862 qnae
1035 3793 1183 3848 Bentlcium
1205 3793 1320 3862 ingerat,
1341 3809 1400 3863 per-

382 3881 472 3948 spexit
489 3877 782 3932 llemsterhusius
802 3875 837 3930 ad
856 3875 959 3928 Caium.
977 3875 1009 3933 T.
1027 3875 1048 3942 l,
1066 3893 1093 3946 p.
1110 3879 1185 3941 489„
1211 3880 1289 3947 cique
1307 3892 1401 3932 assem

279 4019 281 4024 .
382 3967 453 4020 liunt
467 3959 619 4018 Bocchhius
643 3959 678 4014 ad
698 3958 809 4036 Pindapi
833 3957 921 4018 Sehol
943 3976 967 4032 p.
985 3964 1044 4018 450.
1075 3965 1102 4014 el
1125 3959 1343 4016 llueslemaunus
1366 3960 1402 4014 ad

382 4047 498 4104 Theoer.
514 4055 556 4111 17,
571 4051 612 4103 37.
631 4041 724 4113 ltaque
742 4043 807 4096 illud
824 4041 926 4106 illata,
946 4047 962 4102 i.
975 4060 997 4101 e.
1015 4043 1117 4114 ἕρριτι,
1136 4047 1163 4098 in
1182 4045 1278 4099 honam
1296 4051 1400 4115 partem

382 4135 532 4204 accipiunt:
552 4130 679 4184 Adeste
697 4141 802 4190 nuno,
823 4125 866 4180 vel
884 4124 989 4195 Agite
1008 4142 1105 4193 nuno,
1124 4125 1277 4184 Gratiae.
1300 4127 1398 4184 Penta-

309 4257 312 4266 ,
380 4223 464 4272 meter
480 4213 613 4284 claudicat
632 4215 659 4266 in
678 4211 756 4265 libris
774 4227 836 4265 msc.
856 4227 908 4264 nno
927 4208 1037 4264 orbatus
1056 4209 1136 4278 pede:
1158 4214 1268 4284 κεῖραι..
1285 4213 1332 4268 ἵνα
1347 4234 1399 4282 μοι

378 4319 405 4354 ιι.
421 4319 445 4356 τ.
461 4299 491 4357 λ.
523 4299 652 4370 supplent
669 4295 779 4366 ίμοῒι,
799 4293 845 4348 ἵνα
865 4315 915 4364 μοι
935 4313 958 4351 ιι.
975 4314 998 4346 ι.
1012 4293 1050 4358 l,
1071 4295 1117 4349 sed
1135 4297 1205 4366 quod
1227 4311 1308 4367 sopra
1329 4301 1397 4352 sori·

378 4387 453 4450 plum.
467 4387 516 4446 cst
535 4379 681 4440 llcmslcrh,
700 4385 727 4434 cl
744 4377 869 4436 Valckoo.
889 4378 1016 4434 scribunt.
