3046 5224
1124 345 1259 412 ’.41

119 513 211 574 t'aiso
233 519 402 593 suspectam
426 513 530 579 babuit
549 515 586 576 H.
602 516 840 601 Pceriirumpins.
885 523 1020 588 Bernb.
1043 529 1072 590 ia
1094 533 1161 594 etrus
1184 551 1259 594 cen-

115 634 220 678 sura:
246 615 345 694 „rebr
368 615 504 679 riboti‘cbe
522 618 610 695 'brige
633 619 687 680 uer
708 621 809 684 stitten
830 641 1011 704 sorgsamea
1025 629 1134 710 Piega
1156 651 1185 694 s.
1209 635 1258 697 bei

117 717 216 777 Horu.
240 717 275 778 li.
299 715 347 798 o',
371 716 414 782 56
435 737 503 800 seq.
544 720 631 781 nino.
658 720 745 782 Nem.
764 720 806 803 8,
826 724 871 788 68
892 747 962 812 seq.
999 729 1113 795 catull.
1133 731 1194 813 tii,
1216 733 1259 800 39

115 819 242 898 sqq.“.
287 820 453 883 Pindari
473 820 588 900 iurum,
620 821 696 884 unte
724 821 800 886 baec
826 820 947 910 sumpta
969 835 1002 895 et
1021 850 1173 914 expressa
1195 855 1256 916 pur

120 923 234 1000 tubat,
265 926 321 984 iam
345 922 489 1001 Scaliger
509 924 654 990 indicauit
676 924 837 1007 barabias,
868 950 899 991 r.
923 930 976 996 40.
995 935 1049 996 B.:

171 1021 354 1098 Αέξεται
383 1023 415 1087 ri'
443 1019 582 1106 ἀρετά,
610 1033 747 1108 χλωραῖς
769 1027 890 1112 ἐέρσαις
914 1029 956 1106 ὥς
978 1029 1043 1098 ὅτε
1071 1037 1257 1120 δένδρεον

997 1131 1097 1220 ᾄσσει,
1211 1207 1216 1212 .

162 1223 216 1288 Ἐν
237 1239 348 1307 σοφοῖς
372 1226 492 1308 ἀνδρῶν
513 1223 653 1308 orooro?
672 1229 704 1291 ἰν
724 1233 855 1305 δικαίοις
877 1255 909 1296 re
927 1238 990 1296 nri..

119 1327 183 1392 llis
213 1329 309 1405 igitur
337 1329 461 1392 (trucibus
494 1329 680 1394 confidenter
709 1332 895 1412 explicabis:
932 1333 1083 1413 „Crescit
1105 1341 1202 1404 virtus
1222 1345 1258 1413 ‚et

121 1429 208 1490 ianua
231 1429 370 1491 Marcelli
402 1431 607 1496 adolescentis
636 1434 692 1494 sub
726 1435 958 1513 diligentissima
988 1438 1124 1520 Augusti
1153 1461 1255 1506 avun-

121 1531 185 1594 culi
210 1532 403 1614 eiusdemque
424 1535 524 1597 soceri
546 1535 640 1597 tutela
656 1536 812 1600 occulto
832 1555 949 1617 nevo,
967 1539 1028 1610 to.
1052 1545 1162 1606 sensim
1180 1563 1255 1607 sen-

120 1635 254 1714 simque,
281 1653 338 1696 non
361 1635 580 1700 animaduersis
600 1639 760 1698 certissimi
780 1641 955 1702 incrementi
971 1644 1168 1724 temporibus,
1194 1665 1254 1709 ve·
1335 1695 1341 1704 .

121 1734 170 1797 int
194 1736 285 1800 arbor
308 1755 416 1801 aevum
447 1741 569 1818 agitat,
599 1739 665 1799 dum
692 1745 810 1821 tempus
841 1740 922 1820 quod
950 1747 1062 1808 crescit
1091 1749 1255 1827 occulitur,

120 1856 222 1920 usque
245 1842 343 1900 tamen
365 1837 557 1919 crescit“¹).
601 1839 666 1922 Quo
687 1841 804 1922 quictem
827 1845 988 1920 praeconio
1003 1844 1148 1906 Horatius
1171 1850 1254 1928 upti-

122 1961 202 2002 mum
226 1940 307 2000 ilium
328 1939 553 1999 adolescentem
576 1939 764 2024 etAugusto
788 1941 915 2022 principi
937 1943 1109 2028 populoque
1120 1945 1255 2016 Rornann

122 2041 333 2122 gratissimum
364 2041 415 2120 (r.
440 2038 569 2099 Franbe.
594 2041 627 2102 F.
653 2042 692 2104 Η.
723 2063 754 2136 ρ.
777 2040 837 2124 63)
858 2045 901 2106 itu
925 2044 1080 2128 lucidavit,
1113 2053 1144 2113 ut
1168 2068 1255 2132 quum

123 2148 278 2208 etiamtum
307 2160 381 2204 sane
408 2159 467 2202 non
498 2141 589 2202 munita
620 2145 685 2204 cius
719 2145 832 2206 decora
856 2148 975 2210 reterre
1009 2155 1134 2230 posset,
1169 2155 1252 2217 tanto

122 2247 211 2326 plura
235 2247 264 2306 in
287 2246 441 2324 posterum
461 2241 498 2304 ab
521 2259 558 2302 eo
584 2249 769 2326 exspectare
792 2245 960 2316 videretur.

229 2367 260 2408 v.
282 2346 326 2407 46
347 2364 433 2426 seqq.
484 2347 579 2407 micat
602 2348 679 2410 Inter
701 2367 804 2411 omnes
829 2349 935 2413 lulium
955 2351 1041 2415 sidus
1063 2353 1148 2416 uelut
1171 2353 1253 2413 inter

123 2453 213 2531 ignes
247 2449 342 2510 Luna
372 2445 522 2532 minores]
567 2448 787 2530 Sapphica,
822 2457 854 2516 ut
874 2453 1015 2534 videtur,
1047 2455 1250 2535 comparatio,

123 2550 246 2628 Fragor.
265 2549 296 2614 3.
316 2550 418 2628 Neue,
441 2551 480 2610 t'r.
501 2547 533 2612 3.
556 2549 650 2620 Scbn.
672 2571 702 2632 p.
720 2551 802 2616 295:

328 2649 470 2730 Ἀσιὲρες
491 2646 763 2730 perdominetur
784 2653 915 2720 ustorum

323 2752 390 2836 ’Ὰψ
412 2747 641 2834 ἀπονρῦπτοισι
664 2747 795 2830 φαεννὸν
817 2749 908 2836 εἶδος,

326 2848 460 2918 ‘Orantis'
484 2849 521 2912 ἄν
543 2847 705 2924 πλήθωσιν
725 2849 860 2931 μάλιστα
881 2852 986 2940 λάμπῃ

397 2957 460 3014 Γᾶν
485 2947 552 3031 [ἔπι
574 2949 693 3034 πᾶσαν]
714 2948 756 3032 ²).

224 3075 257 3116 v.
277 3055 320 3116 57
342 3073 388 3136 sq.
409 3047 610 3133 [Augustus]
635 3062 726 3134 reget
747 3053 860 3134 orbem,
881 3055 928 3117 Tur
946 3050 1115 3141 (luppiter)
1127 3057 1249 3136 quaties

128 3155 305 3241 Olympum]
326 3159 381 3219 Est
402 3157 535 3218 fortasse
558 3153 666 3214 dictum
689 3153 774 3233 iliud,
797 3156 879 3236 quod
893 3139 1127 3234 Archelaus,
1152 3159 1247 3236 poeta

122 3260 384 3344 epigrammaticns
405 3258 461 3319 sub
484 3255 660 3318 Ptolemaeo
690 3255 715 3316 i.
745 3274 843 3338 rege,
875 3257 1053 3321 Alexandro
1073 3257 1118 3319 Μ.
1142 3259 1249 3323 tribuit

122 3362 198 3444 apud
222 3361 301 3424 Piut.
332 3361 369 3427 de
396 3361 530 3422 Fortuna
552 3356 646 3418 Alex.
678 3378 709 3440 p.
735 3355 811 3428 356.
840 3361 872 3422 et
894 3346 930 3422 in
945 3355 1180 3426 A‘AntboisPai.
1196 3361 1244 3422 ii.

122 3488 152 3547 p.
172 3463 252 3528 ool:

128 3616 326 3634 W

173 3719 200 3784 1)
218 3713 277 3770 Wie
297 3715 340 3766 ein
353 3710 436 3764 Buurn
451 3708 553 3763 uncum
566 3711 593 3761 in
608 3709 760 3779 verborgen
779 3707 943 3772 bioibenden
957 3705 1245 3782 subter-Entwiuinung.

170 3803 199 3870 2)
219 3797 380 3852 Muretus
398 3793 530 3858 V-LiX,
553 3803 591 3850 17.
610 3791 719 3850 Pindari
735 3796 829 3864 potius
847 3794 934 3852 iocum
954 3791 1018 3852 istiu.
1039 3790 1086 3857 111,
1103 3794 1147 3852 42.
1161 3792 1192 3847 B.
1211 3796 1244 3848 uc

221 3881 348 3936 Lucifero
365 3881 401 3935 'ub
421 3879 533 3936 Horatio
553 3893 706 3948 expressum
725 3893 785 3939 esse
803 3878 900 3934 votuit.
924 3877 991 3932 .Sed
1009 3883 1081 3931 reete
1097 3875 1191 3932 Neue
1210 3878 1243 3932 dc

216 3965 339 4038 Sapphus
361 3966 422 4018 locu
439 3951 500 4017 ‘rem
519 3967 558 4016 ita
576 3962 683 4030 expedit
701 3967 728 4014 et
751 3962 873 4016 coniicit:
900 3958 965 4025 „Ex
989 3961 1073 4015 verbo
1091 3962 1243 4030 praesentis

219 4052 348 4121 temporis
367 4045 569 4118 ἅπονρύπτοισι
588 4053 614 4099 ei
630 4046 809 4116 subsequente
827 4047 959 4116 particula
978 4042 1086 4098 ὁππότ’
1106 4041 1140 4096 ἂν
1157 4057 1242 4112 appa-

220 4142 270 4200 ret,
288 4148 343 4188 non
361 4131 478 4188 describi
497 4135 551 4184 rom
572 4130 675 4183 lucente
693 4130 758 4182 luna
775 4136 880 4194 actam,
905 4129 955 4182 secl
981 4126 1085 4188 ruentis
1100 4125 1153 4192 μὲν
1168 4132 1195 4178 et
1213 4124 1242 4179 rii

219 4224 289 4273 inter
307 4219 448 4273 serebatis
467 4218 518 4269 uim
536 4213 647 4268 subesse
665 4216 883 4282 comparationis,
904 4216 943 4264 ita
960 4216 989 4262 nt
1005 4212 1035 4264 in
1054 4207 1140 4262 altero
1159 4223 1240 4263 mem-

217 4303 267 4357 bro
287 4306 330 4358 uir
346 4303 389 4358 rei
412 4301 503 4370 puelia
524 4312 610 4366 aeque
635 4296 771 4350 diceretur
792 4300 902 4365 praetor
925 4295 1048 4348 sonitum
1068 4293 1173 4350 turbam
1193 4309 1238 4348 ex-

218 4389 323 4440 oeiierc.
358 4383 547 4445 (litteratius,
568 4382 715 4434 collatura
732 4377 807 4433 Fuir.
828 4378 934 4442 Ursino,
954 4377 1041 4434 Germ.
1063 4379 1088 4443 i,
1111 4384 1152 4443 12,
1168 4377 1239 4433 46.“

962 4465 1011 4528 5.
