3072 5180
273 283 335 362 1452

273 489 330 556 pro
350 467 532 553 ,ιίνατρίπαν
551 465 605 536 τόν
624 471 830 552 καθεστῶτα,
860 466 914 538 τόν
927 474 1200 559 ,πραοτατοίίνταε
1228 475 1286 538 (len
1310 476 1399 540 Pfei-

273 557 330 655 ler'‚
351 573 400 636 die
420 572 531 648 Stutue
552 569 625 654 (ter
641 559 839 656 Herrsehaft)
864 597 899 624 =
922 572 1059 638 columen
1081 593 1180 638 rerum
1207 573 1245 641 O.
1258 576 1297 658 ll,
1309 578 1358 660 17,
1366 581 1398 644 4.

273 675 377 740 hit-ita
401 674 622 741 intellexerunt
637 673 758 738 Ruhnh.
776 675 857 739 Diet.
882 677 911 739 in
936 675 1165 764 Terentssonu.
1187 697 1261 758 pag.
1282 681 1346 746 nto
1366 685 1398 743 et

272 777 376 843 Klots.
388 777 467 842 hex.
479 777 547 842 hat
589 776 654 840 Seri
673 796 711 839 ne
729 777 805 838 hoec
827 777 946 858 quidem
968 779 1136 860 explicatio
1155 779 1397 863 mihiprohnnla

273 879 415 963 vitetur,
446 899 534 964 quum
562 881 660 943 altera
683 878 750 939 sine
770 879 983 940 controversia
1006 881 1102 959 longe
1132 865 1281 963 praestet:
1324 885 1395 946 Nam

272 1001 338 1064 ego
360 1002 420 1048 non
439 984 554 1062 tullio,
572 982 642 1064 quin
663 978 807 1063 lloratius
829 974 917 1038 huius
936 979 998 1042 loci
1021 981 1119 1042 ideam
1141 1002 1206 1045 oum
1232 987 1302 1068 ipso
1326 1005 1399 1050 ora-

274 1086 365 1151 tionis
385 1086 488 1150 colore
514 1081 634 1144 duxerit
657 1097 699 1139 ex
721 1074 921 1158 Aeschyli
944 1073 1032 1143 Pers.
1056 1080 1127 1168 159.
1152 1083 1262 1149 uino:
1309 1143 1311 1148 .

376 1191 483 1250 Ταῦτα
500 1175 536 1259 tri
555 1175 677 1244 ίατοῑνί
692 1174 787 1244 ίκυὶνω
805 1179 1158 1266 χρυσεοστόλμους
1183 1182 1341 1268 δόμους,

374 1289 426 1350 ναί
445 1279 479 1347 ro*
502 1287 639 1368 Δαρείου
659 1306 693 1348 το
713 1278 813 1366 τοίμόν
835 1279 938 1348 αοινόν
956 1280 1146 1369 τίνατῇριον.
1267 1329 1270 1334 -

370 1389 426 1451 ναί
441 1409 481 1468 με
502 1389 632 1468 καρδίαν
653 1383 786 1468 ἀμύσσει
807 1391 950 1472 φροντίς·
975 1387 1006 1462 ἐς
1028 1385 1058 1453 ‹i'
1075 1385 1152 1470 ὑμᾶς
1175 1389 1236 1472 ἐρῶ

367 1492 492 1569 μῦθον,
513 1484 657 1571 ου’δαμῶς
679 1488 813 1570 ἐμαυτῆς
833 1483 903 1554 orto‘
923 1487 1117 1574 ἀδείμαντος,
1139 1496 1235 1580 φίλος,

370 1583 419 1668 μή
439 1591 563 1673 μέγας
584 1592 757 1664 πλοῦτος
776 1593 945 1667 κονίσας
965 1589 1085 1671 οὖδας
1107 1591 1286 1682 ἀντρέψῃ
1305 1599 1401 1660 ποδὶ

291 1743 297 1750 .
370 1688 483 1774 ίίλβον,Δ
504 1684 539 1756 ὃν
558 1699 693 1773 Δαρεῖος
716 1687 788 1778 ἦρεν
808 1688 865 1758 οὖν
886 1691 958 1764 ἄνευ
977 1699 1062 1760 θεῶν
1084 1694 1181 1771 τινός,

269 1789 365 1879 Quem
384 1794 483 1860 locum
504 1795 562 1859 ianr
581 1791 706 1858 uiuet.
728 1795 869 1876 apposite
894 1798 1100 1879 conparavit,
1130 1817 1308 1882 quamquam
1336 1817 1397 1863 rent

270 1912 331 1960 non
353 1898 498 1967 confecit.
541 1896 614 1971 Sed,
628 1896 697 1979 quis
720 1900 770 1961 est
791 1899 838 1961 oui
865 1916 924 1962 non
945 1899 1034 1980 plane
1057 1901 1250 1982 perspicuum
1273 1904 1331 1982 sit,
1361 1921 1398 1964 ea

271 2016 352 2082 quae
372 2001 412 2064 ah
427 2000 555 2074 Hocctto
576 1987 841 2063 comnenotnntur
864 2018 928 2063 cum
946 1997 1108 2081 Aeschylo
1130 2005 1162 2064 et
1183 2021 1217 2066 re
1240 2008 1272 2067 et
1294 2007 1398 2068 verbis

270 2099 466 2167 consentiret
500 2101 710 2166 Producuntur
732 2100 770 2162 ab
792 2099 847 2164 ilio
873 2123 986 2188 regum
1006 2115 1123 2170 matres
1147 2108 1349 2172 harbarorum
1370 2121 1400 2172 ei

265 2208 424 2288 purpurei
444 2208 590 2288 rprcum':
626 2201 707 2286 apud
735 2200 814 2266 hunc
839 2204 957 2269 Atoasa
976 2211 1073 2271 nater
1093 2208 1212 2272 Xerxis
1233 2213 1312 2274 curis
1330 2229 1397 2274 nae-

269 2308 363 2390 tuque
396 2309 488 2372 unxia
515 2306 634 2392 prodit,
667 2309 768 2372 turres
793 2308 901 2388 regias
934 2309 1096 2392 appellans
1120 2306 1400 2397 χρυσεοστόλμους,

269 2410 376 2490 utpote
392 2410 523 2484 invidiae
536 2411 747 2492 avaritiaeque
761 2409 862 2491 plebis
878 2430 966 2494 quarn
978 2414 1106 2476 maxime
1117 2416 1296 2494 expositas,
1317 2417 1397 2478 aient

271 2511 348 2576 llor.
375 2514 463 2596 ipsos
486 2517 635 2594 tyrannus
664 2513 738 2578 uicit
765 2531 1004 2595 purpureos3
1031 2518 1166 2578 metuunt
1194 2519 1295 2580 antem
1317 2517 1395 2599 apud

270 2611 367 2697 huno,
391 2634 430 2680 ue
449 2617 601 2682 Fortunae
621 2618 772 2682 tuturt‘uro
791 2616 876 2698 pede
895 2624 1030 2682 euntem
1049 2619 1225 2680 columnam
1243 2629 1398 2700 proruat:

271 2717 410 2783 simfliter
431 2717 549 2796 Atussa
562 2718 622 2794 ,tlii
647 2718 787 2784 felicitati
811 2716 911 2796 timet,
935 2711 978 2798 μή
1007 2718 1106 2802 μέγας
1134 2724 1267 2784 πλοῦτον
1295 2715 1398 2784 oto-o-

271 2820 397 2911 rpotpp
425 2825 521 2888 ποδί
545 2817 674 2909 (βιαίῳ)
703 2819 844 2902 ὄλβον,
871 2812 913 2888 ὃν
935 2824 1069 2902 Δαρεῖος
1092 2815 1174 2906 ἦρεν.
1215 2821 1311 2910 Viles
1331 2818 1400 2884 fere

216 2981 219 2988 .
271 2925 368 2987 onnnla
387 2925 466 2989 inter
488 2942 523 2988 se
546 2944 645 3008 prope
667 2925 705 2988 al
719 2925 869 2988 anasum
891 2924 1090 3006 respondere.
1143 2924 1219 2986 Nam
1246 2917 1340 3003 ὅλμος
1361 2918 1399 2988 ὃν

272 3031 407 3110 Δαρεῖος
441 3020 514 3106 ἦρεν
541 3031 592 3092 est
622 3017 709 3109 quusi
745 3029 850 3090 erecto
881 3045 901 3089 α
930 3025 1035 3090 llareo
1063 3027 1220 3093 felicitatis
1250 3024 1399 3089 columna.

273 3127 389 3212 Quodsi
410 3125 557 3206 Horatius
584 3128 624 3192 at
646 3110 796 3209 Aeschyli
826 3117 998 3208 exemploru
1026 3131 1198 3212 composuit
1222 3127 1296 3190 illut
1316 3130 1399 3211 pede

266 3249 421 3312 promen
442 3231 789 3319 'otcnteancolumcam‚
813 3227 987 3308 conicitur,
1013 3233 1045 3292 ut
1067 3231 1138 3293 item
1159 3234 1252 3312 atque
1271 3228 1323 3292 tlle
1343 3249 1398 3295 re-

273 3331 346 3410 gine
364 3330 520 3394 felicitatis
544 3330 597 3394 vel
616 3330 734 3414 imperii
756 3328 875 3409 (ofer.
889 3325 946 3409 lfi)
968 3329 1126 3408 fastigium
1147 3330 1244 3396 veluti
1271 3335 1398 3398 exstru-

153 3485 156 3490 .
272 3435 359 3498 otono
374 3431 521 3517 quondum
552 3432 659 3496 molem
688 3431 848 3510 cogitarit.
904 3427 1004 3511 Atque
1034 3432 1069 3493 ut
1097 3430 1169 3493 alihi
1201 3452 1258 3513 pro
1285 3432 1400 3498 haere

208 3612 213 3630 Ι
271 3536 449 3619 simpliciter
470 3537 618 3622 apicem
642 3535 757 3618 posuit,
778 3532 873 3606 sich.
897 3531 918 3595 l.
942 3531 1102 3610 imaginem
1120 3523 1256 3598 s'uhlinris
1279 3541 1312 3601 et
1333 3555 1400 3599 ma-
1516 3561 1517 3566 ¹

272 3638 403 3718 gnilioae
429 3639 630 3704 colunnae
656 3637 820 3722 praetulit,
856 3654 945 3720 quum
973 3635 1156 3715 praesertim
1185 3654 1227 3700 ex
1249 3636 1401 3722 Aeschyli

272 3740 377 3802 verbis
399 3742 468 3824 ipsa
489 3743 608 3822 „regia
627 3742 803 3812 sublimibus
825 3739 887 3802 altu
907 3737 1052 3802 columnis
1061 3737 1082 3774 “
1097 3738 1204 3802 ruentis
1226 3741 1323 3804 oeulis
1340 3743 1401 3806 oh·

273 3843 460 3904 versarctur.
501 3843 600 3906 Porro
621 3845 793 3908 stantem
816 3842 981 3907 columnam
1012 3837 1107 3918 dixit,
1140 3841 1174 3904 ut
1202 3860 1219 3903 e
1249 3845 1401 3910 contrario

274 3946 465 4009 tacentem
484 3945 603 4024 regium
617 3943 804 4026 Cleopatrae
827 3943 1000 4028 appellarit
1025 3939 1243 4024 c.1,37,uu.
1289 3947 1402 4031 Utique

274 4049 371 4130 igitur
397 4047 653 4130 interpretandum
681 4064 811 4110 censeoz
850 4046 914 4110 ‹lfe
953 4043 1240 4126 hoehragenle
1272 4049 1403 4114 Stule

275 4150 345 4213 der
370 4149 631 4230 llcrrschaft,
663 4149 718 4212 des
746 4146 942 4228 huniglieheu
970 4147 1123 4230 Gliiekes‚
1151 4150 1181 4214 l.
1201 4151 1222 4213 i.
1251 4151 1300 4216 (lie
1321 4151 1404 4219 hehe

274 4250 456 4318 llerrsclnnit
477 4253 531 4316 nuit
547 4252 588 4317 nll
611 4251 704 4328 threnn
725 4250 822 4316 (ilaue
846 4250 905 4315 und
927 4249 1115 4332 ileichthunr.
1161 4329 1163 4332 Ι
