3064 5206
484 538 532 621 ⁸5,
553 537 591 604 32
634 525 690 607 mi
703 539 795 629 ῥόδον
817 543 853 612 aii
871 552 1073 632 sampsaeos

637 643 840 730 κροτάφοισιν
859 648 1051 734 ἁρμόσαντες

637 755 791 832 πίνωμεν,
810 749 893 836 ιὶβριὶ
912 760 1068 837 γελῶντες.

492 840 553 927 36,
575 847 613 925 9.
636 857 751 916 Πολιαῖ
772 857 923 936 στέφουσι
944 855 1045 941 stipa·

637 950 688 1029 cide
714 955 807 1036 ὕδωρ,
827 953 895 1036 βάλ’
914 952 1010 1043 οἶνον,
1032 958 1057 1027 ὦ
1077 975 1145 1031 παῖ.

285 1064 363 1127 quae
388 1050 504 1130 quidem
526 1060 760 1134 comparaverim
787 1077 850 1120 cnm
873 1060 1046 1126 Horatianis
1069 1065 1170 1130 hisce:
1512 1137 1514 1162 9

285 1147 344 1210 od.
367 1148 399 1228 i,
423 1150 461 1230 4,
482 1151 519 1225 9;
541 1155 637 1220 Nune
662 1161 752 1224 decet
780 1173 838 1225 aut
862 1166 957 1234 viridi
981 1170 1114 1231 nitidum
1142 1184 1238 1254 eaput
1264 1177 1420 1257 impedire
1513 1166 1514 1258 9

1048 1293 1078 1332 m
1100 1281 1148 1334 rto

592 1365 663 1426 Aut
680 1365 776 1448 flore,
797 1375 902 1428 terrae
923 1388 1013 1451 quem
1032 1294 1146 1456 ferham
1162 1379 1295 1440 aeduine.

280 1448 338 1511 od.
359 1450 404 1531 ΙΙ,
429 1454 482 1535 li,
507 1459 563 1524 id:
588 1465 653 1528 Gur
674 1490 736 1530 mon
757 1510 852 1530 ......
875 1492 948 1533 noea

614 1569 717 1631 Oanos
735 1571 860 1634 odorati
876 1576 1015 1656 capillos,

657 1663 742 1734 Dum
763 1674 848 1752 licet,
879 1677 1076 1762 Assyriaque
1097 1685 1199 1746 nardo

566 1775 715 1836 Petamus
735 1764 846 1840 uncti?
873 1780 1017 1864 Dissipat
1037 1785 1140 1848 Evina

574 1877 675 1939 Geras
697 1879 818 1941 edaces.
868 1883 944 1960 Quia
966 1907 1049 1967 puer
1067 1892 1153 1951 ocius

613 1978 802 2063 Beatinguet
822 1986 962 2048 ardentis
985 1989 1119 2051 Falerni

653 2084 772 2146 Pocula
789 2098 1014 2168 praetereunte
1032 2091 1184 2174 lympha?

571 2185 648 2262 Quis
668 2188 793 2250 devium
811 2200 946 2254 scorium
968 2196 1070 2256 eliciet
1089 2194 1205 2258 domo?

275 2281 359 2366 Quae
384 2283 525 2362 colorem
542 2305 617 2348 vere
641 2287 893 2354 Anacreontienm
921 2297 1038 2358 referre
1067 2297 1118 2359 uei
1149 2299 1260 2360 omissa
1281 2300 1400 2361 Pseud-

151 2411 158 2416 ·
274 2389 464 2448 anacreontis
489 2391 669 2452 auctoritate
690 2392 781 2454 facilc
803 2395 965 2459 concedes.

375 2489 479 2571 Atque
501 2487 578 2552 haee
599 2493 977 2561 eonsuetudoGraccoram
1002 2500 1196 2564 amaioribus
1217 2501 1340 2580 tradita,
1364 2505 1399 2565 ut

273 2588 302 2652 in
325 2592 399 2671 potu
423 2593 513 2673 atque
537 2592 689 2658 hilaritate
709 2597 801 2658 seriis
824 2599 927 2663 boreis
953 2602 1004 2665 vel
1025 2601 1175 2679 frondeis,
1203 2603 1394 2684 maximeque

272 2695 424 2776 rosaceis,
448 2696 557 2778 quibas
578 2698 671 2776 eaput
695 2699 872 2781 cingerent,
894 2706 1147 2790 hieronimum
1171 2704 1392 2790 florentissimis

271 2800 383 2861 tanturm
405 2801 591 2880 temporibus
615 2799 764 2865 Graeciae
789 2803 934 2886 obtinuit,
960 2825 1021 2870 nec
1051 2807 1080 2868 in
1102 2825 1263 2886 paucorum
1284 2809 1391 2871 erudi·

270 2899 377 2962 tiorum
399 2899 599 2964 laetiorumve
626 2901 773 2966 hominum
802 2907 885 2969 victu
912 2911 1095 2988 permansit,
1122 2911 1177 2972 sed
1204 2911 1233 2972 in
1258 2911 1392 2973 universi

267 3001 371 3083 popuii
394 3021 494 3065 mores
516 3003 609 3066 semei
630 3006 751 3068 inducta
771 3011 803 3070 ct
817 3007 893 3072 vere
913 3011 1070 3092 popularis
1092 3013 1175 3078 iacta
1196 3032 1296 3075 eorum
1313 3033 1390 3078 eon-

268 3105 362 3164 vivii·
387 3122 508 3184 semper
530 3106 572 3168 ita
593 3110 716 3188 propria
740 3110 816 3189 init,
850 3117 882 3174 ut
914 3115 1112 3178 accubitionis
1141 3115 1274 3197 epularis
1296 3115 1388 3179 iaeti-

267 3204 337 3267 iiam
360 3204 424 3264 sine
446 3207 570 3267 eoroiiis
601 3211 717 3272 omnino
747 3213 799 3273 aut
821 3213 1000 3289 ignorarent
1028 3220 1081 3279 aut
1103 3218 1212 3281 nuliam
1234 3237 1305 3281 esse
1327 3237 1386 3300 pn-

265 3307 377 3367 tarent.
420 3305 534 3368 Scribit
563 3307 699 3370 Justinus
732 3310 794 3391 ix,
827 3313 857 3374 4.
894 3316 1064 3399 Philippum
1102 3338 1210 3400 regem
1247 3323 1387 3386 devictae

265 3406 414 3472 Graeciae
435 3405 580 3470 laetitiam
602 3427 685 3471 snam
709 3410 765 3474 bac
785 3430 819 3473 re
836 3411 1054 3500 dissimulasse,
1078 3424 1159 3505 quod
1181 3427 1237 3487 illu
1259 3426 1388 3487 dienen

262 3531 393 3574 coranus
420 3518 477 3573 unt
504 3520 667 3595 unguenta
694 3520 869 3596 sumpserit.
919 3519 1133 3602 Xenophontis
1157 3531 1255 3590 autem
1278 3527 1387 3588 milites

262 3632 351 3698 quum
375 3615 453 3678 inter
481 3617 683 3692 gravissimos
711 3613 834 3680 iabores
865 3622 1027 3705 aliquando
1054 3629 1185 3716 quietem
1218 3631 1247 3688 in
1270 3627 1382 3686 Arme-

261 3717 375 3777 niorum
407 3717 484 3778 vicis
513 3721 592 3781 nacti
624 3721 817 3801 epularentur
853 3728 885 3789 et
914 3726 1040 3798 hiberno
1074 3734 1209 3809 tempore
1242 3731 1383 3792 carerent

258 3816 398 3896 floribus,
422 3816 669 3898 deprehendimus
691 3828 791 3888 tamen
811 3826 1082 3912 ἐστεφανωμένοις
1106 3832 1160 3893 τοῦ
1179 3829 1273 3906 ξηροῦ
1292 3834 1384 3908 χιλοῦ

257 3911 487 4001 στεφᾶιὀις’“)·
532 3921 671 4004 Denique
695 3944 736 3990 ex
761 3917 808 3992 his
835 3936 971 3997 omnibus
999 3952 1077 4018 quae
1107 3929 1203 3994 adbuc
1223 3927 1380 4010 disputata

988 4154 999 4184 ⁸

288 4191 337 4258 20)
354 4189 440 4248 nnai.
459 4190 506 4262 iv,
524 4195 549 4259 s,
565 4199 607 4252 aa.
645 4195 700 4251 cri.
719 4201 802 4254 erasa.
823 4202 884 4271 cyr.
903 4201 953 4265 ιιι,
973 4209 1006 4263 a,
1025 4201 1083 4260 4ο,
1108 4196 1175 4266 Neu·
1194 4197 1274 4268 Aeas·
1293 4205 1319 4265 ⁸,
1339 4201 1376 4268 4.,

357 4273 484 4343 nicomas
501 4292 543 4348 ap.
563 4279 657 4338 nonen.
674 4282 719 4336 rv.
739 4299 762 4349 ρ.
781 4291 833 4342 139
851 4285 892 4349 a,
913 4283 980 4336 um.
1000 4280 1095 4352 Parrh-
1118 4298 1140 4336 ⁰·
1161 4289 1217 4350 1³·‚
1237 4282 1375 4356 Aristoni·

356 4352 426 4409 Eeci.
446 4366 504 4415 131·
524 4363 627 4419 athies
640 4367 698 4423 463,
717 4367 807 4436 ibique
825 4368 914 4424 Schoi.
935 4375 961 4424 et
979 4382 1048 4438 quae
1066 4373 1206 4442 congessit
1225 4371 1375 4429 Pascha-

357 4439 428 4494 iius
448 4441 545 4500 Conon.
565 4447 600 4513 ii,
621 4456 661 4504 10.
679 4467 704 4519 p.
724 4457 775 4508 100
793 4467 851 4523 sqq.
