3072 5180
1225 332 1267 396 55

137 529 193 594 per
213 512 469 593 comparationem
493 509 604 575 extulit
625 513 728 593 poeta.
773 511 930 584 lllitsch.
963 546 1004 557 —
1048 515 1263 601 Dindymene]

138 609 312 694 Διιδυμῆνη
334 633 361 673 s·
385 613 521 690 Κυβηλὶς
545 609 642 695 Ῥεία,
667 614 1261 700 ,,Ι)111111111611110111111“0111111063,

138 713 219 797 1311
233 714 396 792 Dindyno,
420 711 580 793 Phrygiae
603 718 703 778 monte
724 734 821 797 prope
845 717 1064 799 Pessinuntem,
1086 721 1136 782 ubi
1159 724 1262 803 potis-

136 819 240 878 simum
262 813 451 894 colebatur),
479 818 564 878 cuius
587 816 664 879 deae
687 817 876 898 sacerdotes,
903 816 1101 902 Κορύβαντες
1123 826 1155 886 et
1173 818 1262 885 iidem

135 915 247 982 Γάλλοι
272 917 426 998 appellati,
449 918 477 976 in
500 918 565 978 eius
580 920 677 980 sacris
693 916 838 1000 κύμβαλα
858 916 1055 1005 ὅξύφθαγγα,
1068 921 1262 1003 potestante

137 1021 272 1103 [acuta
294 1017 403 1100 aera]
432 1018 591 1099 pulsantes
613 1023 726 1083 animos
748 1023 851 1082 iurare
874 1022 1002 1102 quodam
1023 1026 1129 1088 insano
1152 1027 1260 1107 imple-

136 1123 218 1202 bant,
240 1120 303 1182 vid.
326 1121 405 1182 Plat.
428 1121 497 1182 Jon.
519 1141 550 1200 p.
572 1119 693 1184 5331.
716 1140 766 1203 ap.
791 1121 927 1185 Orellet
948 1126 988 1187 el.
1012 1126 1048 1188 ad
1072 1147 1102 1188 v.
1127 1124 1158 1190 8.

237 1243 270 1283 v.
290 1220 322 1284 6.
365 1225 469 1285 incola
492 1221 638 1306 Pythicae]
662 1225 745 1287 Nota
767 1224 956 1303 iitavirgilii
978 1224 1016 1286 lle
1037 1225 1164 1308 Sibylla
1181 1227 1261 1306 Aen.

134 1322 188 1404 Vl,
213 1323 256 1386 77
277 1345 325 1406 sq.
348 1327 380 1387 et
401 1324 477 1388 haec
497 1324 622 1404 perinde
644 1325 725 1388 dicta
748 1330 836 1406 sunt,
857 1330 890 1390 ut
914 1325 1024 1400 Gracci
1045 1329 1075 1388 in
1100 1330 1205 1392 eadem
1226 1347 1261 1392 re

134 1428 275 1491 solebant
302 1429 403 1490 dicere
433 1428 575 1508 ἐνοικεῖν,
607 1428 839 1509 ἐνδιαιτᾶσθαι,
863 1427 1008 1508 ἔναυλοι,
1033 1426 1177 1495 σύνοικον
1199 1436 1260 1497 etc.

135 1529 248 1591 Verum
264 1530 321 1592 iam
342 1531 649 1594 viditDorvlllius
674 1529 712 1592 ad
729 1528 884 1595 Chariton.
906 1552 938 1612 p.
951 1529 1014 1594 521
1035 1551 1080 1614 sq.
1103 1534 1152 1595 ed.
1165 1534 1260 1616 lips,

133 1651 308 1714 quamquam
330 1651 386 1694 nec
408 1633 473 1694 eius
496 1634 669 1720 coniectura
692 1633 829 1698 incola
853 1635 997 1696 mentis
1021 1651 1097 1713 opus
1122 1635 1179 1698 ruit
1202 1653 1259 1700 nec

126 1735 448 1812 -cumDillenburgero
474 1735 729 1798 sacerdotum
749 1734 881 1798 incola
896 1734 1109 1810 coniungenda
1126 1737 1258 1798 luerunt.

132 1837 249 1918 Nempe
273 1855 362 1918 quum
384 1834 513 1914 Pythius
538 1836 654 1917 Apollo
677 1837 707 1895 ln
733 1837 809 1915 ipsis
831 1835 952 1912 adytis,
981 1853 1039 1912 quo
1061 1839 1185 1913 praeter
1204 1855 1260 1900 sa·

132 1938 275 2000 cardeles
296 1938 379 2000 odire
394 1938 442 1998 tas
460 1953 519 1995 non
539 1940 621 2012 erat,
643 1935 779 1996 habitare
799 1937 927 2014 ipseque
951 1933 1061 2010 adesse
1082 1933 1260 1995 crederetur

132 2041 314 2115 vaticinans,
334 2036 375 2096 111
390 2036 492 2095 divino
516 2053 572 2101 suo
595 2035 712 2094 numine
736 2054 772 2098 aa
795 2035 969 2116 praesentia
991 2033 1182 2096 sacerdotum
1198 2051 1259 2115 pe-

132 2139 379 2220 ctoraimplelrat
400 2139 431 2199 et
449 2137 552 2197 lurore
577 2135 770 2217 corripiebat.
813 2138 891 2200 Hinc
919 2139 988 2218 ipse
1016 2135 1073 2198 hoc
1103 2135 1171 2197 loco
1201 2128 1283 2198 in?

133 2246 224 2308 cola
247 2241 420 2325 Pythius
443 2241 540 2302 dictus
562 2243 628 2320 est,
656 2259 700 2302 sc.
725 2225 952 2319 adytornm3
976 2233 1159 2301 'sacerdotes
1182 2257 1258 2302 vero

133 2341 359 2427 Φοιβόληιιτοι,
386 2364 418 2405 v.
442 2343 574 2406 Pollucis
597 2339 701 2404 Onam.
724 2339 749 2420 l,
776 2337 816 2404 18
838 2345 869 2405 et
893 2340 1026 2403 Lobeclr.
1043 2336 1122 2416 Agl.
1136 2359 1167 2421 p.
1182 2336 1257 2403 641.

235 2468 266 2508 v.
290 2445 321 2510 8·
364 2467 427 2508 mom
457 2455 551 2509 comta
574 2443 628 2506 Sic
650 2448 814 2528 geminent
837 2427 1028 2526 Corybantes
1054 2437 1159 2524 cerel,
1190 2440 1258 2504 Hoc

130 2551 247 2632 quidem
262 2547 594 2629 locoCorybautes
617 2565 675 2609 non
697 2553 756 2610 tam
778 2544 958 2608 sacerdotes
980 2561 1068 2625 quam
1093 2543 1256 2620 daemones
1386 2576 1387 2579 ι

124 2671 201 2714 esse
224 2652 381 2732 videntur,
414 2653 465 2735 qui
489 2669 578 2733 quum
600 2647 751 2729 πάρεδροι
772 2649 839 2708 sive
862 2649 988 2709 comites
1010 2644 1121 2726 Matris
1143 2645 1255 2706 ldaeae

128 2756 188 2816 siut
208 2754 258 2814 vel
282 2755 340 2833 ipsi
361 2753 523 2830 geminatis
552 2752 672 2813 aeribus
694 2752 824 2820 iurarem
849 2748 995 2826 cultorum
1019 2747 1174 2823 excitant,
1204 2743 1258 2804 vel

127 2855 262 2916 efficiunt
294 2857 328 2914 ut
358 2855 492 2914 cultores
522 2853 623 2912 lurore
664 2848 774 2924 agitati
799 2845 939 2920 cymbala
971 2843 1152 2923 percutiant.
1202 2842 1256 2905 Sic

129 2954 211 3034 apud
231 2954 403 3032 llnripidem
433 2956 462 3011 in
482 2952 576 3029 Hipp.
609 2946 682 3010 143.
707 2945 901 3023 Corybantes
925 2945 1003 3006 inter
1024 2942 1175 3007 numina
1198 2959 1257 3002 nu-

122 3055 290 3132 merantur,
312 3071 388 3134 quae
396 3051 556 3114 Phaedrae
578 3051 708 3110 furorem
725 3033 891 3108 iniecerint.¹
912 3041 977 3106 Cir.
1000 3041 1255 3130 etiamdristoph.

127 3155 214 3218 llocl.
240 3153 322 3218 1089
344 3159 376 3216 et
391 3155 514 3218 Lucian.
540 3153 617 3214 Tim.
634 3151 686 3216 41.
707 3172 740 3232 p.
760 3146 831 3214 109.
854 3144 893 3208 Τ.
918 3145 942 3206 1.
987 3141 1054 3230 Cir.
1078 3144 1194 3206 omnino
1218 3145 1256 3214 rte

117 3255 260 3336 ¹Cybele,
289 3257 326 3321 dc
354 3256 466 3318 Libero
494 3257 526 3318 ot
554 3255 592 3318 dn
624 3251 850 3334 Corybantibus
878 3265 920 3310 ex
947 3245 1140 3336 lnobeolrii
1174 3243 1254 3326 Agl.

125 3379 155 3441 p.
177 3356 243 3420 640
269 3375 355 3439 seqq.
379 3376 410 3436 p.
435 3351 518 3419 1139
540 3375 587 3439 sq.

227 3479 258 3520 v.
279 3458 300 3523 9
322 3477 388 3539 sqq.
431 3479 533 3540 meque
553 3459 695 3532 Noricus,
703 3458 849 3519 Deterret
871 3456 956 3516 ensis
986 3487 1025 3499 -
1050 3449 1120 3511 Nec
1139 3470 1254 3514 caecus

124 3558 222 3643 ignis]
245 3554 306 3622 Auel
322 3560 485 3643 μαχαιρῶν
505 3565 558 3622 καὶ
580 3552 679 3640 πυρὸς
700 3555 819 3640 ῥίπτειν
837 3561 893 3621 δεῖ
912 3553 1016 3616 slmllls
1042 3555 1091 3613 est
1113 3549 1252 3613 Graeco-

124 3681 188 3722 rum
228 3661 265 3722 de
304 3662 460 3740 proiectae
500 3664 644 3726 audaciae
684 3659 850 3722 hominibus
886 3651 1091 3736 proverbialis
1126 3651 1252 3714 locutio.

122 3762 279 3826 Mitsch.
357 3775 359 3779 ·
676 3823 679 3830 ἱ
784 3805 785 3808 ,

225 3887 257 3926 v.
282 3866 330 3928 li.
371 3867 531 3932 tremendo
544 3865 689 3948 duppiter
712 3867 779 3945 ipse
801 3879 897 3921 ruens
922 3850 1071 3944 tumultur]
1093 3844 1173 3923 Ζεῶς
1196 3875 1253 3914 κα-

122 3965 286 4050 ταιβάτης,
311 3971 374 4035 vid.
400 3970 509 4031 Blemi.
531 3969 570 4030 ad
592 3965 745 4044 Aeschyl.
766 3964 865 4025 Prom.
888 3955 963 4022 367.
987 3960 1018 4021 et
1040 3957 1096 4019 cfr.
1113 3955 1253 4016 Prooem.

124 4075 189 4134 not.
211 4068 264 4134 41.
290 4075 321 4133 et
344 4069 382 4135 C.
402 4068 462 4148 lll,
486 4065 517 4147 3,
533 4065 561 4136 ,6
576 4085 650 4148 sqq.
696 4066 780 4150 Quae
802 4063 933 4126 elocutio
958 4063 991 4121 ut
1009 4055 1170 4134 magnilica
1193 4052 1251 4128 cst,

115 4173 166 4234 itu
188 4171 396 4260 superlatione
425 4174 454 4232 in
478 4168 632 4232 ridiculum
655 4187 804 4236 conversa
832 4169 915 4228 tanto
948 4161 1048 4222 acrius
1071 4151 1251 4248 audientium

123 4291 211 4336 aures
236 4278 411 4355 ruentesque
433 4275 594 4353 percutere
620 4271 722 4332 debet.
