3046 5224
293 357 427 424 42·

395 545 457 608 Γᾶν
479 541 529 606 o‘n’
551 543 622 624 ἐμοὶ
646 546 791 624 τίθεμαι,
813 544 893 613 Zsri,
912 536 952 604 σέ
973 536 1006 603 d¹
1020 536 1188 620 Ὄλυμπον
1210 538 1272 622 ἔχε,

295 664 420 728 eumque
435 663 557 708 versum
582 645 610 705 in
635 661 729 707 aenea
752 646 818 706 eius
837 647 951 722 statua,
969 642 1098 724 Lysippi
1121 661 1225 724 opere,
1252 645 1425 725 Inscripsit.
1496 660 1497 702 1

294 748 346 810 Ad
370 750 464 811 vetus
491 747 548 809 hoe
577 746 616 808 de
642 744 818 808 Alexandro
839 745 883 807 lli.
912 745 1021 808 dietum
1052 745 1209 810 Horatium
1239 748 1425 827 respexisse

295 867 333 911 eo
356 849 474 912 facilins
497 869 533 913 ac
558 849 701 912 libentius
723 849 862 925 credam,
895 865 955 926 quo
983 849 1078 909 maius
1101 852 1192 930 atque
1216 849 1367 926 insignius
1393 851 1422 908 in

295 950 494 1012 eiusnerbis
523 954 593 1015 insit
621 951 756 1030 Augusti
788 948 931 1030 principis
971 951 1172 1028 praeconium.
1231 948 1296 1013 Cir.
1329 951 1367 1013 ad
1397 951 1422 1030 l,

232 1095 234 1112 .
295 1049 346 1116 37.
369 1072 394 1116 s.
416 1053 437 1113 i.
575 1063 576 1068 ’

717 1165 905 1260 ttoni,
937 1161 995 1242 13.

398 1318 429 1358 v.
455 1296 484 1360 1.
533 1292 675 1379 Telephi]
698 1295 797 1358 lictum
820 1296 962 1358 amatoris
982 1310 1089 1356 nomeu
1105 1292 1254 1356 Graecum
1272 1291 1421 1377 Τήλεφος,

296 1394 347 1479 qui
367 1395 494 1459 Horatio
519 1399 653 1461 tortasse
681 1399 780 1460 nullus
803 1399 919 1460 omnino
947 1399 1012 1474 est,
1034 1396 1090 1457 uisi
1108 1396 1159 1477 qui
1181 1396 1262 1458 late
1285 1399 1418 1477 splen-

296 1499 388 1562 deat
411 1498 630 1580 pulchritudine
653 1521 719 1564 sua.
768 1500 838 1562 Vid.
864 1500 941 1562 lixo.
963 1497 1002 1558 ll.

396 1621 429 1663 v.
453 1601 485 1664 4.
527 1603 588 1663 bile
610 1611 709 1664 tumet
727 1599 826 1685 iecur]
868 1600 1028 1662 Homerica
1059 1596 1185 1660 formula
1208 1595 1419 1663 οἰδάνεται
1498 1641 1499 1668 r

294 1707 403 1790 κραδίη
424 1701 507 1789 χόλῳ
527 1703 581 1786 [ll.
604 1702 665 1783 lX,
694 1701 788 1786 646).
839 1702 899 1764 Pro
923 1701 1014 1762 corde
1045 1704 1142 1763 autem
1166 1698 1196 1760 h.
1220 1701 1240 1761 Ι.
1263 1703 1420 1766 substituit
1498 1699 1499 1726 ³

284 1807 422 1887 iecur,
450 1810 485 1869 ut
506 1807 577 1868 alibi
597 1807 740 1887 saepius3
762 1825 828 1868 uum
853 1806 881 1866 in
903 1803 997 1882 ἥπατι
1018 1806 1131 1881 poetae
1157 1801 1267 1867 Graeci
1291 1809 1417 1868 omnium

296 1911 383 1973 animi
404 1909 572 1988 affectuum,
594 1911 703 1972 amoris
723 1909 853 1969 maxime
874 1907 905 1968 et
927 1907 990 1968 irae
1015 1903 1117 1965 sedem
1142 1905 1303 1969 collocant.
1350 1909 1416 1970 Ar-

294 2011 424 2076 chiloch.
447 2013 486 2072 ir.
508 2011 561 2076 92.
584 2011 687 2073 [nieht
716 2003 811 2092 χολήν
836 2000 897 2090 γάρ
924 2003 979 2072 oria
1006 2004 1087 2088 ἔχεις
1114 2005 1169 2087 ἐφ’
1199 2004 1301 2082 ἥπατι.
1347 2010 1416 2072 vid.

294 2113 481 2175 Valcken.
511 2114 540 2172 in
568 2111 661 2192 Hipp.
695 2110 787 2174 1070.
846 2109 1011 2171 Horatiana
1044 2110 1174 2188 collegit
1205 2109 1417 2174 Lambinus

293 2216 330 2276 ad
356 2213 517 2292 c.1v,1.
543 2210 591 2272 lt.

395 2334 426 2376 v.
449 2313 481 2376 5.
503 2329 592 2392 seqq.
642 2307 729 2371 luno
749 2331 807 2371 nec
830 2329 918 2370 mena
939 2309 1015 2370 mibi
1035 2307 1109 2393 cet]
1160 2309 1276 2388 „Ante
1311 2311 1416 2373 oculos

292 2417 404 2495 poetae
425 2416 483 2477 luit
502 2416 530 2474 in
550 2410 598 2472 his
620 2411 719 2472 nobile
736 2409 923 2490 Sapphus
946 2429 1065 2472 carmen
1080 2412 1171 2474 illud:
1193 2417 1346 2477 Φοίνεταί
1362 2441 1415 2495 μοι

291 2519 382 2594 κῆτος
403 2515 473 2589 lbos
496 2520 618 2578 θεοῖσιν
638 2518 701 2576 κτλ.
712 2513 733 2548 “
764 2510 920 2574 lllitsoh.
971 2512 1049 2574 Vide
1072 2516 1100 2576 iu
1123 2516 1283 2578 Prooemio
1306 2538 1336 2598 p.
1360 2535 1413 2580 vn.

290 2619 378 2680 huius
406 2617 502 2697 ipsius
524 2615 662 2678 carminis
685 2623 735 2676 vs.
754 2612 775 2674 7
795 2631 880 2693 sqq„
910 2630 1085 2694 quamquam
1113 2618 1167 2677 vix
1190 2619 1278 2680 ullam
1304 2622 1412 2684 verbo-

291 2740 353 2782 rum
380 2717 600 2780 similitudinem
631 2712 857 2795 deprehendas3
893 2714 971 2794 quod
1001 2715 1145 2778 Horatius
1173 2723 1274 2800 cavit,
1307 2723 1408 2799 credo,

290 2825 416 2905 propter
439 2819 598 2884 Catullum.
623 2851 664 2864 -
682 2819 843 2880 necentur
866 2817 959 2878 Certo
980 2819 1055 2880 aede
1079 2819 1199 2905 munet]
1230 2823 1349 2884 Homer.
1372 2824 1406 2882 11.

290 2926 374 3006 ΧΙΙΙ,
388 2921 471 2987 279:
486 2924 631 3004 τρέπεται
648 2917 739 3004 χρώς,
747 2919 794 2982 eui
809 2919 971 3000 opponitur
977 2917 1062 3002 χρώς
1074 2919 1216 3004 ἔμπεδος,
1225 2926 1352 3006 lleX,
1360 2925 1410 2990 dli.

391 3047 424 3087 v.
448 3023 500 3086 lt.
544 3027 702 3108 impressit
719 3025 814 3085 labris
833 3019 953 3104 notam]
977 3024 1030 3086 Sic
1054 3027 1133 3105 apud
1156 3027 1355 3100 Theocr.27.
1374 3028 1413 3093 18

289 3125 391 3208 puella
414 3125 584 3203 importuno
607 3126 751 3188 amatori:
782 3118 994 3213 Ml'mttu‘tpc
1021 3121 1077 3188 uio
1107 3138 1214 3206 χεῖρα,
1242 3135 1295 3191 καὶ
1322 3133 1413 3204 εἶςὲτι

287 3231 389 3310 χεῖλος
408 3221 533 3311 α’μέξῃς.
1284 3241 1287 3246 ·

392 3346 425 3388 v.
452 3325 502 3388 15.
525 3344 573 3406 sq.
616 3327 733 3402 oscula,
753 3347 834 3407 quae
861 3326 965 3388 Venus
983 3329 1098 3404 Quinta
1115 3336 1210 3410 parte
1229 3330 1282 3387 sui
1302 3339 1411 3391 nectu-

287 3429 330 3491 ris
350 3423 472 3508 imbuit]
494 3425 580 3509 Quod
597 3424 701 3487 Venus
723 3426 840 3506 Lydiae
864 3429 969 3490 oscula
991 3429 1122 3513 quinta
1142 3432 1260 3510 parte
1283 3431 1329 3490 sui
1350 3449 1410 3493 ne-

288 3531 364 3594 taris
386 3528 528 3591 imbuisse
550 3528 680 3608 dieitur,
701 3526 759 3591 hoc
781 3528 1011 3594 Meineohio
1028 3529 1055 3613 ¹]
1080 3551 1120 3595 ex
1142 3533 1308 3595 Hesiodi
1334 3554 1410 3597 vor—

287 3633 371 3693 sibua
397 3632 435 3695 ab
457 3629 649 3712 Apollodoro
673 3629 752 3691 Bibl.
777 3628 836 3709 lll,
858 3628 897 3710 6,
929 3631 960 3692 7.
988 3637 1125 3697 servatis
1149 3636 1296 3717 explicari
1318 3657 1412 3718 posse

286 3733 419 3812 uidetur,
441 3733 552 3810 fragm.
579 3732 649 3796 tlh.
672 3730 805 3804 Goettl.;

389 3833 466 3909 θέην
487 3837 544 3912 μὲν
565 3843 680 3914 μοῖραν
701 3835 794 3896 δέκα
812 3835 965 3914 μοιρῶν
992 3832 1137 3910 τέρπεται
1158 3829 1244 3912 α’νῆρ,

387 3925 454 4005 Τὰς
474 3932 548 3996 δέκα
568 3927 596 3994 δ’
618 3931 811 4013 ἐμπίμπλησι
832 3927 907 4013 your}
921 3934 1080 4016 τέρπουσα
1097 3926 1205 4010 νόημα.

284 4064 488 4076 —-.--—-

339 4151 368 4217 1)
389 4145 544 4204 Zaitschrilt
563 4147 581 4201 1.
600 4147 632 4200 Α.
650 4145 691 4201 w.
712 4151 787 4203 1851.
812 4154 837 4203 3.
865 4146 913 4200 Nr.
931 4153 973 4204 30.
997 4161 1021 4212 p.
1040 4147 1099 4197 233.
1142 4141 1217 4199 Hnnc
1241 4149 1325 4203 locum
1345 4151 1409 4206 mihi

386 4232 516 4288 indicavit
533 4231 579 4286 llr.
593 4229 661 4300 hug.
680 4229 864 4298 Voigtius,
885 4230 992 4297 collega
1011 4229 1196 4296 amicissimus,
1219 4235 1265 4302 qui
1283 4249 1332 4302 pro
1351 4239 1407 4290 sin.

278 4335 280 4339 ·
385 4316 475 4392 galeri
502 4319 651 4384 eximiaque
672 4313 835 4366 humanitate
859 4326 908 4364 sua
934 4319 1015 4382 atque
1034 4311 1158 4368 doctrina
1177 4331 1217 4370 me
1236 4319 1323 4371 multis
1342 4319 1407 4374 louis

251 4447 254 4459 .
385 4403 411 4454 in
431 4397 481 4452 hac
501 4414 585 4468 opera
602 4401 713 4466 egregie
731 4395 841 4452 adiuvit.
