3046 5224
1211 384 1256 448 ’15

230 560 270 642 ν.
286 576 341 640 tt).
387 573 549 638 iracunda
576 568 728 656 fulmina]
769 570 880 634 Eadem
915 570 1085 652 hypallage
1112 570 1256 634 adlaetirl

121 682 329 746 Pindarus
355 696 414 741 unu
444 676 483 738 de
511 674 596 737 lovis
625 673 741 755 quidem
771 672 851 753 telo,
886 675 919 736 ut
947 673 1079 736 Orellius
1110 673 1259 754 opinatur,

122 785 183 847 sed
211 785 249 845 de
272 781 404 844 Achillis
438 779 526 841 hasta
564 795 636 836 usus
668 778 717 838 est
745 775 832 836 Nem.
859 773 916 853 Vl,
950 774 1005 838 55.
1027 777 1079 838 lh:
1104 773 1258 858 Ἀχιλλεῠς

126 921 166 932 -
188 887 322 966 φαεννῆς
345 879 411 946 uida
431 875 491 944 εὖτ’
510 875 648 962 ἐνάριξεν
672 876 760 950 Ἀοῦς
790 872 873 960 ἀκμᾷ
893 874 1044 960 ’Έγχεος
1067 878 1259 954 ζακότοιο.

125 982 375 1064 vru.anc.1,
401 983 436 1064 1,
461 981 491 1046 3.
1104 979 1108 985 “

554 1171 683 1249 turm.
713 1167 745 1260 Ι,
773 1163 808 1243 l.

235 1340 454 1417 Argumentum
478 1338 616 1400 carminis
640 1353 715 1397 vere
738 1333 901 1396 Romanum
926 1336 992 1411 ert,
1019 1351 1075 1396 uon
1100 1354 1141 1396 ex
1159 1335 1260 1399 Grae-

110 1435 179 1503 ‘eis
205 1440 361 1519 haustum,
396 1439 543 1519 siquidem
575 1438 675 1501 statim
706 1435 743 1498 ab
772 1436 856 1497 initio
883 1435 920 1495 de
952 1437 1097 1498 Palilibus
1116 1435 1145 1521 ¹)
1180 1439 1262 1516 dicit,

135 1545 175 1605 ad
202 1561 280 1625 quae
305 1543 394 1602 etiam
415 1541 535 1602 Faunus
558 1535 711 1620 (usli.)
736 1538 885 1618 pertinet,
908 1556 1005 1619 eaque
1027 1540 1182 1618 coniungit
1205 1540 1262 1602 de-

132 1648 204 1708 inde
227 1649 274 1728 (v.
295 1645 328 1716 5,
354 1641 457 1726 seqq.)
483 1663 546 1706 eum
572 1643 702 1705 Veneris
730 1641 820 1702 iestis
844 1638 965 1720 diebus,
992 1660 1067 1724 quos
1088 1660 1163 1704 vere
1186 1643 1263 1703 inei-

132 1752 237 1832 piente
276 1747 414 1829 „Latiae
444 1748 616 1825 matresque
653 1741 838 1823 murrasque“
875 1761 939 1804 eum
979 1744 1153 1821 pervigiliis
1182 1744 1262 1805 illius

15 1853 18 1856 ’
134 1853 211 1912 deae
234 1843 453 1927 agitabant²]:
494 1847 551 1908 sed
583 1843 905 1908 Graecae'doetuinae
926 1843 1013 1904 velut
1037 1845 1169 1907 ilosculis
1193 1848 1264 1928 qni·
1328 1869 1331 1876 ·

134 1953 263 2014 busdam
284 1950 362 2010 idem
385 1950 462 2010 satis
485 1949 672 2009 exornatum.
696 1945 771 2008 Nam
790 1943 927 2006 Graecas
950 1945 1096 2022 notiones¹
1110 1953 1142 2010 et
1163 1952 1259 2008 nieta-

137 2053 253 2135 phoras
273 2053 303 2111 iu
325 2068 362 2111 eu
386 2067 461 2110 sane
483 2049 588 2128 plures
611 2047 836 2126 deprehendas:
867 2046 944 2108 unde
973 2050 1072 2110 tamen
1099 2049 1264 2111 cavendum

138 2159 205 2234 est,
228 2171 265 2215 ne
288 2170 353 2214 eum
375 2149 612 2212 lllitscherlichio
632 2153 743 2212 temere
760 2149 920 2226 coniicias,
948 2148 1125 2228 „Graecum
1139 2150 1266 2214 Horatia

139 2261 211 2319 ante
234 2253 339 2318 oeulos
363 2253 458 2312 fuisse
482 2252 662 2333 exemplum,
683 2252 770 2313 velut
797 2250 892 2312 Siculi
920 2251 1045 2313 alieuius
1067 2257 1197 2334 poetae,
1217 2255 1266 2336 qui

140 2361 222 2421 iente
247 2356 367 2418 Aetnae
392 2357 560 2416 aestuantis
581 2348 741 2432 imaginem
764 2355 793 2415 in
819 2355 1129 2434 veris-descriptione
1153 2375 1267 2418 memo-

140 2462 279 2524 rasset‘t
324 2459 369 2519 llo
392 2455 474 2516 nulla
496 2455 606 2516 ducunt
629 2457 785 2536 vestigia,
808 2454 1008 2538 ahhorretque
1025 2459 1101 2536 ista,
1123 2459 1266 2522 Alexan-

140 2566 288 2626 drinorum
311 2563 402 2642 puta,
435 2559 512 2638 ratio
535 2575 662 2640 prorsus
688 2579 705 2619 a
727 2559 943 2620 cousuetudine
970 2560 1144 2622 Horatiana.

242 2684 275 2725 v.
307 2663 337 2724 2.
387 2662 590 2743 Trallianique
617 2662 781 2722 machinae
802 2659 942 2744 carinas]
981 2663 1136 2742 Proprium
1170 2666 1199 2725 in
1236 2684 1270 2726 re

140 2767 242 2828 navali
257 2765 382 2826 verbum
398 2749 594 2824 deducere
611 2765 805 2825 eorumutavit
821 2764 963 2826 lloratius
983 2784 1047 2827 eum
1068 2768 1165 2827 verbe
1190 2771 1270 2830 tra-

141 2869 257 2931 hendi
280 2871 317 2930 ad
332 2869 480 2932 Graecum
497 2863 604 2946 ἕλκειν,
623 2869 786 2929 καθέλκειν
807 2865 1050 2945 aecurnmudatn,
1078 2869 1162 2931 velut
1176 2857 1278 2929 Anth.¹

143 2972 210 3032 Pal.
236 2969 285 3049 ll,
314 2992 347 3051 p.
374 2967 456 3032 284:
493 2971 725 3050 κυλίνδροις
749 2962 862 3038 ‘olata
892 2961 947 3028 ἀπ’
972 2964 1082 3042 ἠιόνων
1115 2969 1147 3044 ἒς
1168 2967 1271 3050 βυθὸν

146 3071 350 3151 ἑλκομένη.
393 3071 566 3133 Dillenb.
722 3139 724 3143 ,

250 3192 281 3234 v.
302 3171 324 3235 5
345 3192 391 3254 sq.
437 3175 505 3235 Iam
531 3173 684 3254 Cytherea
713 3171 821 3232 eborea
845 3173 931 3234 ducit
952 3171 1027 3256 eim]
1072 3174 1122 3236 Ad
1145 3180 1271 3240 senten·

147 3257 448 3337 tiam'illustrandam
475 3267 617 3355 apposite
650 3274 807 3336 munierunt
834 3275 956 3354 Fragnr.
985 3283 1046 3339 τῶν
1072 3283 1221 3357 Κυπρίων
1244 3277 1274 3361 ³)

146 3397 195 3458 ap.
225 3376 339 3440 Athen.
369 3377 419 3440 15.
447 3396 505 3458 pg.
528 3374 609 3454 682,
644 3377 693 3438 ubi
721 3377 798 3438 idem
821 3376 929 3439 chorus
955 3399 973 3442 a
997 3379 1117 3444 Venere
1142 3384 1170 3443 in
1194 3382 1274 3446 ldam

199 3593 400 3663 olentia,
436 3593 508 3647 Palis
533 3595 600 3650 deae
626 3596 785 3661 sollemnia,
817 3613 906 3656 mense
932 3597 1018 3666 hprili
1046 3599 1084 3666 (d.
1110 3601 1180 3668 uxr.)
1206 3603 1275 3657 aele-

255 3677 402 3732 hrabantur
420 3685 449 3736 et
474 3685 598 3748 pastores
616 3681 794 3734 transiliendo
817 3683 942 3737 ardentes
961 3685 1077 3752 stipulae
1102 3698 1216 3738 acervos
1236 3687 1276 3740 lu-

256 3762 420 3819 strabantur.
462 3764 520 3820 Vid.
548 3763 648 3819 'libell
676 3764 702 3829 l,
730 3775 760 3829 1,
784 3771 825 3821 35.
869 3764 946 3821 Ouid.
972 3765 1045 3822 Fast.
1069 3767 1112 3833 lV,
1140 3775 1191 3828 727
1217 3787 1276 3842 sqq.

254 3845 354 3901 Eadem
372 3855 491 3918 tempere
503 3855 556 3902 'aut
573 3865 627 3903 nun
646 3850 727 3902 multu
752 3867 829 3904 seeus
854 3855 1049 3922 naulgatin
1074 3853 1180 3907 solebat
1197 3871 1277 3910 reno-

255 3935 315 3986 uari
331 3935 408 4004 isque
431 3951 538 4005 quoque
559 3935 616 3988 dies
635 3936 696 3986 anni
716 3936 853 3990 sollemnis
872 3933 1022 3990 habebatur
1043 3943 1069 3990 et
1095 3938 1171 3993 leriis
1190 3939 1278 4008 publi-

251 4019 290 4070 eis
309 4015 519 4072 instaurabatur.
556 4018 616 4081 Vid,
636 4017 728 4087 Veget.
750 4018 782 4082 ll,
802 4026 837 4077 38
855 4026 881 4072 et
903 4019 1020 4075 Turneb.
1039 4023 1150 4077 Aduena.
1173 4029 1215 4084 18,
1236 4027 1279 4080 24.

202 4116 233 4182 2)
260 4112 338 4170 Ouid.
356 4115 495 4182 Fasttv,
515 4123 564 4172 123
582 4131 641 4186 sqq.
677 4115 733 4171 cn.
759 4115 877 4171 Leheeh.
896 4117 1027 4187 Aglaeplr.
1047 4139 1072 4190 p.
1091 4126 1152 4178 651.
1172 4122 1232 4177 adu.
1253 4140 1277 4176 ο.

202 4213 233 4280 3)
258 4213 298 4266 Tui
322 4211 434 4280 Κύπρια
458 4215 526 4280 ἔπη,
560 4229 629 4283 quae
649 4214 800 4268 lleredutas
829 4215 868 4282 ll,
898 4225 956 4272 117.
981 4218 1071 4282 ruerit,
1096 4217 1143 4270 sed
1170 4219 1204 4273 ab
1224 4220 1278 4274 llu-

161 4295 162 4299 ’
250 4315 329 4352 meru
350 4300 455 4368 quidem
475 4301 626 4362 abiudieat,
647 4315 716 4352 nune
741 4300 850 4354 Stasiuo
878 4300 975 4370 ilpprlu
1002 4305 1189 4373 antiquissimo
1213 4323 1277 4376 pne·

195 4389 197 4394 ’
255 4391 300 4437 tae
324 4383 424 4452 eyelieu
449 4385 616 4447 tribuuntur,
648 4401 792 4454 eurumque
818 4401 880 4453 pars
906 4385 988 4439 luisse
1007 4387 1162 4455 perhibetur
1184 4389 1278 4444 llorne-

258 4471 329 4520 rieus
348 4467 395 4520 ille
415 4467 531 4536 Hymnus
551 4472 576 4520 iu
596 4468 733 4522 Venerem.
