3046 5224
553 1145 684 1225 Corn.
713 1143 746 1237 Ι,
778 1141 810 1220 t.

226 1401 266 1463 V.
290 1399 311 1464 3
333 1420 380 1483 sq·
428 1399 512 1461 Surrt
530 1420 605 1482 quos
618 1399 770 1460 everriculo
786 1397 949 1478 puluerem
969 1395 1161 1475 Olympicum
1179 1393 1254 1453 cor-

122 1509 240 1586 legisse
265 1509 355 1566 luunt
381 1499 455 1584 cet]
501 1501 679 1581 Exemplum
709 1497 876 1561 cGraccia
906 1497 1033 1557 sunrtnnr
1063 1497 1138 1555 vitio
1174 1495 1254 1555 verti

123 1609 225 1685 possit
239 1607 384 1668 Horatio:
407 1606 591 1682 excusatur,
616 1602 694 1684 qnod
714 1601 874 1662 Pindari
895 1599 981 1660 locus
997 1597 1155 1678 persimilis
1178 1611 1254 1658 ocu-

123 1709 162 1769 lis
192 1711 257 1770 eius
290 1707 529 1783 obversabatur,
562 1725 580 1765 a
611 1703 712 1766 Sexto
745 1703 893 1782 Enrpirico
921 1698 1031 1780 Pyrrh.
1066 1697 1200 1778 Hypotlr.
1226 1698 1255 1776 l,

124 1833 157 1890 p.
181 1807 224 1874 23
247 1811 333 1873 nobis
355 1812 519 1885 servatus,
553 1809 665 1883 fragm.
687 1804 762 1867 242.
785 1805 836 1863 B.:

171 1958 179 1973 .
204 1908 442 1976 .’Asil.orrddom
465 1910 522 1990 μέν
544 1889 830 1986 τιν’κεῦφραίνοισιν
849 1904 956 1966 ἵππων

171 2019 267 2094 Timo
282 2017 335 2075 καὶ
354 2013 521 2091 orepavor,
541 2002 614 2080 τούς
629 2005 655 2070 d’
669 2007 701 2072 ἒν
716 2003 923 2088 πολυχρύσοις
939 2001 1092 2082 θαλάμοις
1110 2001 1202 2083 βιοτά
1211 2024 1216 2035 ’
1228 2003 1256 2086 1)

161 2117 328 2198 ΧΤέρπεται
349 2115 383 2177 dd
406 2115 459 2174 καί
480 2135 526 2183 τις
547 2105 595 2173 ἐπ’
618 2098 698 2191 οἶδμ’
720 2108 805 2172 ἅλιον
829 2114 883 2170 ναῒ
902 2111 968 2190 θοᾷ

172 2222 242 2292 Σῶς
265 2219 447 2296 διαστείβων
464 2209 504 2294 ²).
876 2207 881 2214 ’

129 2321 178 2380 lix
208 2319 264 2384 boe
295 2323 352 2382 iam
381 2319 469 2396 loco,
506 2323 594 2398 qoem
626 2315 738 2395 primus
768 2311 853 2374 liicb.
888 2312 1059 2388 Bentleins‚
1098 2315 1126 2372 ni
1157 2313 1254 2394 fallor,

129 2441 193 2483 cnm
217 2423 344 2484 Horatio
367 2416 509 2496 contulit,
536 2418 614 2478 ultro
639 2417 728 2478 etiam
755 2413 904 2491 colligunt
927 2414 1131 2493 interpretes,
1163 2419 1257 2492 totum

127 2524 184 2587 boc
213 2543 347 2603 carmen,
380 2540 439 2603 quo
463 2519 565 2582 itidem
586 2517 751 2596 Horatius,
783 2521 817 2580 ut
840 2518 987 2581 Graccum
1012 2521 1131 2596 poetam
1149 2518 1181 2580 id
1205 2519 1256 2579 le-

126 2627 207 2687 cisse
234 2621 391 2706 probabile
427 2625 484 2702 sit,
524 2622 667 2698 volgaria
700 2625 790 2702 atque
827 2620 950 2680 diversa
981 2617 1127 2679 bominum
1157 2620 1257 2682 studia

128 2731 297 2792 accuratius
324 2727 479 2790 describat
510 2746 545 2788 ac
569 2723 786 2804 quodammodo
811 2725 1010 2804 percenseat3
1044 2727 1076 2780 ut
1098 2722 1134 2782 iis
1160 2724 1251 2782 onmi-

130 2833 186 2892 bnr
210 2852 282 2892 snas
307 2832 434 2911 deniqne
456 2830 568 2908 poetae
591 2826 679 2906 lyrici
701 2829 785 2890 vitae
815 2825 948 2886 rationes
979 2827 1166 2902 opponat-
1184 2841 1257 2884 eas-

133 2952 189 3012 que
224 2939 256 2995 et
287 2934 406 2992 sibimet
433 2931 501 3008 ipse
532 2933 564 2989 et
587 2926 758 2994 Maecenati
789 2945 844 2992 suo
874 2925 1024 3003 „docto
1054 2939 1257 2988 sermones

136 3035 342 3113 utriusque
384 3029 592 3108 linguae“
636 3034 812 3114 comprobet
855 3033 946 3108 atque
991 3025 1177 3088 coonncndet
1216 3063 1256 3073 —

135 3137 172 3196 de
213 3133 384 3196 Pindaro
426 3131 628 3193 adumbratum
673 3155 754 3197 esse.
823 3131 906 3193 llaec
943 3133 992 3191 cst
1029 3125 1257 3197 lilitscberlicbii

136 3235 240 3298 Orellii
262 3235 383 3298 aliorum
407 3239 567 3299 sententia.
592 3237 648 3298 Est
669 3256 742 3299 vero
766 3238 852 3299 locos
867 3235 1044 3296 Pindaricos
1065 3242 1096 3298 et
1118 3237 1256 3316 splendi-

134 3341 199 3401 dum
226 3337 381 3400 exordium
405 3337 485 3422 [vid.
508 3338 543 3403 G.
570 3339 599 3418 l,
623 3337 680 3417 18,
708 3339 742 3422 l)
773 3343 803 3400 et
834 3338 927 3399 veluti
953 3341 1068 3399 stamen
1099 3341 1258 3423 quoddam,

134 3443 179 3503 cni
203 3440 347 3502 Horatius
376 3461 459 3502 suurn
490 3459 609 3504 carmen
639 3446 778 3522 tanquam
808 3439 963 3500 subtemen
988 3441 1135 3521 iotexnit,
1164 3465 1258 3528 eaque

133 3549 199 3624 ipsa
223 3563 266 3621 re,
290 3543 368 3624 quod
393 3544 493 3604 statim
517 3543 554 3604 ab
580 3543 663 3604 initio
680 3540 848 3605 Carrninum
872 3543 940 3602 sive
959 3541 1086 3620 Prologi
1109 3545 1176 3606 loeo
1201 3547 1258 3612 boo

134 3663 251 3709 carmen
279 3647 399 3726 posuit,
428 3647 515 3708 simul
544 3645 635 3708 tacite
661 3643 865 3722 significavit,
896 3643 1105 3705 Pindarum
1127 3645 1260 3728 inprimis

134 3748 190 3809 sibi
219 3747 247 3806 in
278 3749 431 3824 gravioris
461 3749 633 3826 argumenti
662 3746 839 3809 carminibus
871 3745 984 3807 melicis
1014 3749 1146 3829 exempli
1166 3752 1261 3815 instar

135 3869 223 3929 esse,
256 3849 335 3932 quod
357 3852 414 3911 rite
436 3852 580 3932 consequi
603 3848 684 3910 nulla
707 3846 823 3928 quidem
844 3849 969 3912 inritatio
997 3855 1103 3928 posset
1130 3851 1184 3936 [C.
1205 3855 1260 3934 lV,

136 3954 172 4032 P,
198 3949 253 4034 l),
287 3953 341 4012 sed
368 3953 446 4033 quod
471 3954 661 4034 propositum
691 3956 790 4017 tarnen
819 3957 921 4032 esset,
956 3955 984 4014 io
1009 3955 1088 4035 qum
1117 3959 1185 4037 ipse
1212 3960 1261 4020 in-

138 4107 254 4114 -—---·—-
261 4107 319 4112 -..-

187 4190 215 4256 1)
238 4191 255 4242 i.
275 4204 299 4242 o.
319 4190 347 4240 in
363 4189 477 4256 ‚auratis
501 4187 672 4243 conclavibus
699 4189 741 4256 (in
768 4187 863 4258 quibus
888 4187 1039 4250 habitatur,
1069 4205 1121 4242 non
1144 4191 1261 4246 thesauri

241 4274 430 4340 asservantur)
449 4275 512 4326 vito.

184 4373 215 4439 2)
228 4369 377 4439 'Perperam
393 4369 464 4424 Rich.
482 4368 616 4425 Bentleius
635 4370 789 4440 decommum
809 4373 941 4434 correxit,
960 4385 1038 4441 quum
1057 4375 1136 4426 etism
1151 4376 1265 4442 στείβων
1365 4369 1370 4385 ‘

238 4455 360 4523 (calcare
379 4458 456 4513 riom,
467 4458 569 4508 emetiri
589 4459 707 4524 cursum)
726 4457 757 4510 ric
777 4455 966 4523 navigantibus
981 4457 1093 4511 dicotur.
1113 4455 1261 4512 Boeckb.
