3046 5224
281 319 341 363 XXX

281 507 358 570 quoae
381 489 417 549 ab
442 488 500 550 iilis
524 491 629 554 roriicia
665 497 751 556 erant
774 495 842 574 ipsc
870 492 994 571 collegi.
1045 492 1141 554 Multa
1176 495 1273 554 autem
1297 493 1324 552 iu
1348 493 1411 556 hoc

280 588 383 650 libello
406 589 502 654 arilrue
531 595 641 654 omissa
672 613 742 657 esse
769 614 847 680 quae
879 597 972 659 omiiti
1002 613 1058 657 non
1096 596 1281 672 debuerunt,
1316 595 1412 657 muita

280 711 355 754 vero
388 693 525 762 inchoata
563 698 738 784 minimeque
765 700 904 779 persocia
932 701 1051 776 inesse,
1087 715 1164 778 quae
1193 699 1280 778 qnasi
1304 699 1413 777 primis

279 795 372 857 labris
394 798 580 877 degustavi,
603 804 652 862 sat
673 801 740 880 ipse
765 801 901 882 equidem
927 802 1011 873 soi03
1034 803 1065 862 at
1083 798 1195 860 infinito
1215 803 1323 880 suapic
1349 819 1410 860 na-

280 903 347 960 tura
376 903 515 982 quaestio
543 905 592 964 esi
615 907 647 964 et
670 901 728 964 hoc
756 904 868 964 initium
898 905 995 965 tamen
1026 918 1096 962 esse
1129 901 1259 964 arbitror
1287 903 1331 962 rei
1355 903 1411 964 di-

280 1002 461 1080 guissimae,
496 1023 574 1085 qrrue
597 1007 753 1068 fortiorum
779 1005 906 1066 virorum
931 1002 1088 1065 studione
1112 1004 1197 1064 vires
1219 1004 1248 1063 in
1271 1020 1306 1063 sa
1332 1021 1412 1066 oon-

282 1109 394 1167 vertai.
439 1105 557 1169 interim
589 1105 647 1167 iroe
676 1125 734 1168 non
757 1107 909 1185 egregiae
932 1106 1057 1169 alieuius
1088 1119 1201 1185 operae
1230 1107 1258 1166 in
1281 1105 1414 1169 Horatio

282 1207 450 1270 collocatae
474 1210 643 1289 specimen,
670 1227 774 1270 veram
799 1209 913 1289 probae
937 1207 1144 1288 persuasionis
1167 1226 1205 1271 ao
1227 1207 1325 1270 bonae
1348 1228 1414 1270 vo-

281 1309 405 1372 luntatis
436 1311 643 1374 documentum
675 1316 801 1375 exstare
836 1311 930 1373 volui.
991 1308 1095 1391 ltaque
1128 1308 1212 1372 hisco
1245 1311 1414 1373 siudiorum

282 1413 418 1493 primitiis
439 1416 472 1474 ut
490 1413 527 1474 ab
550 1414 587 1474 iis
611 1417 660 1496 qni
681 1414 757 1478 haec
777 1415 885 1494 legent
908 1432 1005 1495 aequa
1030 1413 1241 1492 nominentur,
1264 1431 1412 1476 summum

281 1513 446 1576 immodum
471 1533 563 1594 rogo.

362 1756 365 1762 ’
384 1778 435 1836 21,
454 1771 566 1824 Sunii:
587 1769 664 1840 Anah.
682 1771 784 1842 griecir.
804 1769 938 1841 Lyriker,
961 1767 1134 1824 Hnnn.1851,
1156 1765 1321 1820 Diodori:
1343 1766 1415 1821 Poe-

385 1861 430 1908 tae
448 1855 552 1910 Scenici
572 1851 625 1921 Gr„
649 1853 722 1924 Lips.
744 1862 827 1919 1830,
850 1854 891 1909 cd.
909 1854 954 1907 ait.
974 1851 1072 1906 oxonii
1090 1857 1166 1910 1852.
1204 1851 1253 1907 Ubi
1273 1853 1347 1906 uuila
1372 1858 1417 1908 in-

386 1940 475 1993 dicata
497 1946 558 1994 sunt
591 1945 698 1994 nomino
722 1941 868 2004 editorum,
897 1938 1161 1993 Schneidewini
1180 1943 1206 1991 et
1224 1937 1416 1992 Dindori'ii

387 2032 535 2078 contextum
556 2039 732 2094 versuumque
751 2028 957 2095 descriptionem
979 2031 1085 2078 semotus
1104 2039 1168 2078 sum.
