3064 5206
223 339 287 406 210
513 407 515 412 ,
655 335 906 416 Conspectus

227 527 293 590 dem
315 526 398 588 uncis
421 543 493 585 usos
514 524 592 584 idem
616 522 757 584 crebro
779 520 831 582 vel
852 511 954 583 aiibi
968 517 1047 598 apud
1072 516 1199 579 cundem
1214 520 1364 600 scripto·

225 647 287 690 rem
311 627 439 707 reperiri
459 625 534 686 dixi.
585 623 716 710 Quorum
743 621 800 688 boc
829 621 955 684 alterum
979 637 1099 702 quoque
1120 619 1260 684 consulto
1283 624 1364 686 ieci.

227 728 285 790 list
304 729 381 789 euim
405 745 517 807 magno
537 726 682 789 videlicet
703 727 731 786 in
754 723 866 787 haere
888 721 926 784 ad
949 719 1363 802 persuadendammomeuto

227 828 304 892 idem
332 829 441 892 dietum
474 828 526 890 rel
558 827 676 890 dicendi
706 829 828 890 formam
856 825 1015 905 scriptoris
1043 823 1170 886 alicuius
1199 829 1362 908 propriam

229 948 288 994 noa
311 929 405 992 semel
428 930 537 994 alicubi
558 932 702 1006 exstare,
728 928 866 1008 quoniam
889 930 1011 1006 poetam
1034 927 1233 1004 imitatorem,
1256 929 1362 1010 qualis

231 1034 379 1096 Horatius
395 1033 460 1111 init,
475 1032 672 1115 probabiliter
689 1031 861 1094 coniicimus
879 1028 1118 1092 celebratissima
1133 1046 1273 1111 quaeque
1287 1049 1359 1093 ma-

232 1137 313 1198 xime
337 1135 524 1199 recordatum
548 1150 629 1195 esse.
670 1132 775 1213 Atque
798 1131 953 1193 Horatium
979 1129 1098 1213 quidem
1120 1135 1234 1194 certum
1255 1133 1360 1196 babeo

232 1241 277 1302 sie
300 1239 378 1300 adco
400 1237 507 1299 imitari
529 1253 599 1296 osse
623 1234 754 1296 solitum.
797 1233 980 1314 Quamquam
1008 1234 1083 1300 cnlm
1115 1235 1171 1294 vix
1193 1238 1271 1299 satis
1294 1257 1359 1318 po-

231 1343 294 1403 test
317 1341 391 1417 dici,
415 1357 499 1419 quam
524 1336 617 1398 nialla
637 1337 753 1398 omnino
776 1335 827 1396 illc
852 1334 1000 1415 ,Graecis
1025 1338 1089 1398 suis
1112 1339 1359 1418 exemplaribus‘

232 1441 361 1517 debeat,
388 1440 414 1499 si
441 1438 559 1520 quidem
583 1457 697 1500 omnem
728 1442 861 1500 ornatum
891 1439 1037 1501 orationis
1059 1441 1232 1518 spectamus
1255 1445 1287 1504 et
1310 1444 1361 1507 iot

233 1541 400 1604 sententias
424 1540 492 1602 illas
513 1558 588 1620 ,ore
611 1539 758 1601 rotundo‘
788 1538 903 1602 dictas:
932 1540 1010 1602 idem
1031 1544 1129 1603 tamen
1151 1560 1208 1605 nee
1230 1563 1357 1625 usquam

233 1644 340 1706 solitus
365 1645 414 1704 ost
436 1639 552 1721 ,aliena
575 1642 713 1719 vestigia
734 1643 890 1723 premere‘
914 1660 971 1706 nec
993 1642 1178 1707 Graecorum
1193 1647 1353 1728 exempla-

233 1746 279 1807 ria
310 1745 347 1806 de
379 1746 504 1835 scripto
527 1748 593 1806 iere
621 1746 674 1806 ant
703 1743 740 1804 ad
772 1744 896 1805 verbum
932 1746 1056 1825 imitari,
1096 1749 1152 1809 scd
1186 1753 1357 1813 memoriter

233 1827 411 1929 plerumque
427 1852 460 1910 et
479 1847 575 1910 libore
597 1847 793 1926 expressisse
815 1846 938 1912 videtur
960 1867 999 1911 ca
1021 1867 1099 1932 quae
1112 1851 1360 1934 multalectione,

235 1953 270 2012 ut
291 1951 335 2014 ita
357 1950 468 2030 dicam,
492 1952 520 2012 iu
543 1969 627 2012 snum
648 1968 751 2012 sucum
772 1953 805 2013 et
827 1953 1006 2030 sanguinem
1030 1957 1243 2037 converterat,
1266 1961 1361 2040 atque

235 2051 292 2116 boc
315 2055 442 2135 donique
466 2054 560 2115 animo
584 2057 617 2116 ut
640 2052 758 2136 ,vellet
782 2054 930 2132 agnosci,
955 2072 1013 2115 uon
1034 2057 1216 2137 surripiendi
1231 2063 1361 2125 caussa‘

235 2156 360 2218 allorum
384 2157 465 2218 dicta
488 2154 667 2217 recordatus
690 2155 791 2234 potius
816 2174 902 2236 quam
925 2157 1056 2219 imitatus
1081 2163 1139 2220 est.
1157 2156 1188 2243 ³)

337 2257 495 2320 bibitiones
517 2262 640 2318 secutus
668 2275 733 2318 sum
754 2258 874 2320 easdem
900 2277 974 2340 quas
998 2259 1127 2323 indicavi
1149 2264 1178 2325 in
1199 2265 1361 2328 Prooemio

242 2363 315 2422 nuta
342 2357 464 2438 51.,·n
489 2359 590 2437 poetis
608 2358 742 2421 iambicis
770 2359 919 2438 elegiacis
947 2361 1062 2424 melicis
1090 2363 1362 2430 Scbeidcwini

237 2460 411 2540 Deiectum,
440 2460 525 2522 cuius
548 2461 678 2521 numeris
699 2479 776 2524 nunc
798 2463 882 2522 uncis
906 2463 1039 2526 inclusos
1061 2468 1094 2528 et
1115 2465 1217 2530 littera
1240 2470 1274 2529 B.
1299 2489 1360 2533 uo-

236 2565 319 2626 tatur
344 2561 443 2626 addidi
466 2561 719 2640 ilergliauae
742 2562 883 2626 editionis
906 2565 1032 2628 alterius
1055 2566 1099 2649 (a.
1117 2565 1230 2654 1853.)
1251 2589 1359 2632 nume-

237 2683 308 2746 ros,
337 2666 367 2728 iu
389 2665 520 2728 Pindaro
544 2666 735 2728 Boecbhii
757 2666 941 2750 eandemque
963 2671 1030 2732 iere
1054 2671 1179 2752 ilerglrii
1203 2676 1358 2752 rationem,

238 2769 266 2829 ln
292 2769 463 2832 dramaticis
484 2769 686 2832 Dindoriil
708 2769 868 2847 editionem
884 2771 986 2855 (blps.
1005 2772 1136 2859 18303,
1158 2777 1187 2838 in
1202 2779 1361 2860 epigram-

238 2872 357 2935 maticls
376 2868 551 2936 lacobsii
577 2872 796 2950 Antbologiam
820 2873 965 2938 Graecam
987 2875 1051 2966 (etl.
1075 2878 1189 2960 luipo).
1254 2959 1263 2970 .

342 2972 485 3036 Ceterum
506 2973 554 3036 bic
573 2975 713 3037 nonnulla
731 2975 831 3036 addidi
860 2978 893 3036 ot
914 2977 1036 3037 correxi
1059 2995 1137 3056 quae
1158 2982 1187 3039 in
1211 2999 1362 3041 commeo-

239 3078 317 3138 tarlo
345 3079 397 3138 aut
428 3078 643 3156 praetermissa
671 3081 759 3138 crant
781 3080 833 3138 aut
855 3092 1013 3156 perperam
1040 3075 1170 3154 collata,
1199 3096 1360 3161 corumque

240 3179 349 3254 etiam,
372 3177 467 3238 sicubi
490 3197 568 3258 opus
590 3197 661 3240 esse
675 3177 864 3256 videbatur,=
878 3179 1024 3238 rationem
1048 3176 1165 3238 reddidi
1179 3184 1231 3242 aut
1251 3185 1360 3244 aucto-

192 3284 200 3290 “
240 3295 291 3338 rer
317 3276 468 3353 indicavi,
492 3278 579 3340 velnt
602 3282 800 3340 recentiorem
823 3280 941 3339 Horatii
971 3281 1164 3356 interpretem
1192 3281 1359 3345 Franci·

241 3395 343 3440 scum
359 3377 558 3439 Ritterum.
593 3374 695 3456 lpsum
717 3378 792 3438 enirn
809 3377 996 3456 opusculum,
1018 3379 1103 3442 cuius
1123 3381 1249 3446 brevem
1265 3404 1360 3466 quan-

242 3483 308 3544 dam
330 3497 469 3544 summam
492 3495 569 3540 nunc
590 3477 689 3540 multis
709 3478 847 3560 partibus
867 3483 983 3542 auctam
1000 3482 1090 3561 atquc
1108 3486 1295 3550 emendatam
1315 3487 1360 3550 hic

244 3585 437 3668 Conspectus
460 3583 640 3664 scriptorum
658 3580 841 3645 Graecomm
863 3602 928 3646 cum
944 3583 1072 3647 Horatio
1096 3587 1273 3653 collatorum
1288 3609 1359 3652 con-

244 3691 337 3769 tinet,
364 3685 560 3769 aliquamdiu,
584 3690 617 3748 ut
638 3684 688 3764 iit,
713 3685 909 3766 interruptum
933 3687 1088 3768 pependit.

345 3788 431 3851 Hace
462 3786 589 3848 dicenda
618 3788 726 3865 putavi
758 3786 796 3847 de
825 3787 963 3851 instituto
994 3808 1080 3854 mco:
1115 3794 1220 3856 cetera
1247 3796 1303 3857 iam
1330 3813 1361 3857 ro

244 3891 312 3973 ipsa
336 3889 508 3972 patescent.
552 3887 721 3950 imitatione
743 3888 838 3965 igitur
859 3892 1002 3972 expressi
1026 3893 1183 3957 videntum

242 4093 448 4104 m·-

302 4221 333 4290 3)
351 4220 419 4275 Vide
446 4237 515 4291 quae
541 4219 580 4277 *dc
606 4221 718 4278 Horatio
745 4222 907 4280 Graecorum
941 4230 1078 4282 imitatore
1104 4230 1227 4296 exposito
1259 4231 1318 4280 sont
1338 4228 1361 4279 ln

350 4303 493 4360 Prooemio
519 4323 545 4375 p.
564 4307 707 4363 viii-x.
734 4314 761 4362 et
783 4307 866 4366 xxvi
885 4327 940 4383 aeq.
962 4311 1022 4367 ccli.
1050 4310 1283 4382 bernbardyo
1307 4313 1321 4364 l.
1343 4326 1361 4362 c.

348 4405 373 4459 p.
391 4393 450 4446 uuo.
470 4397 495 4444 eu
514 4396 573 4450 sao.
588 4394 616 4446 in
635 4397 699 4447 nota
715 4395 776 4449 nuc.
