3046 5224
234 411 268 458 Vl

239 583 307 643 slus
325 579 558 658 interpretetur,
582 593 618 636 eo
641 575 817 656 plerumque
840 575 954 636 rectius
976 574 1182 637 intellecturus
1205 579 1254 640 sit.
1295 580 1362 643 Nee

237 683 342 763 potest
369 680 546 760 exspectari
573 678 611 740 ab
633 678 760 740 Horatio
781 675 981 754 praesertim,
1013 675 1062 758 qui
1088 676 1170 738 uulln
1197 693 1231 739 re
1262 681 1361 758 magis

238 782 372 843 eiusdem
396 783 507 844 aetatis
530 783 639 863 poetas
659 777 826 858 praecurrit
847 795 932 859 quam
958 773 1124 857 iudicio⁴)‚
1149 782 1182 843 ut
1203 782 1298 843 omnia
1322 782 1361 844 au

238 902 325 945 uuam
346 885 532 966 eandemque
554 879 689 958 regulam
712 881 869 956 exegerit.
895 878 991 960 Atqui
1011 879 1038 939 is
1062 882 1095 942 et
1114 885 1226 959 poetae
1241 901 1360 963 suppa-

239 1003 308 1066 res,
333 1005 420 1068 quum
444 990 496 1049 aut
516 1001 571 1064 per
593 980 746 1043 audaciam
768 998 850 1042 nova
873 979 1019 1061 quaedam
1041 979 1280 1063 protnlerint⁵),
1309 990 1362 1049 aut

240 1088 425 1152 Graecorum
447 1083 631 1164 exemplaria
655 1081 788 1162 amplexi
812 1100 913 1142 eorum
939 1084 971 1144 et
992 1098 1043 1142 res
1071 1085 1103 1143 et
1126 1082 1287 1163 eloquendi
1308 1105 1361 1148 ar-

239 1193 299 1254 tem
323 1185 547 1264 transtulerint,
577 1185 674 1264 louge
698 1185 855 1247 maximam
883 1193 957 1244 saue
984 1183 1128 1245 novellae
1157 1182 1243 1246 huius
1266 1206 1361 1268 prae-

239 1291 367 1351 stantiae
391 1291 483 1368 atque
514 1285 690 1364 elegantiae
717 1288 833 1366 partem
860 1284 995 1346 Graecos
1016 1285 1146 1346 imitandi
1169 1286 1270 1348 studio
1293 1292 1362 1352 slve

239 1390 469 1453 Graecismo
491 1405 548 1449 suo
569 1387 690 1450 dehent.
717 1386 751 1448 ln
773 1386 939 1448 Graecismi
962 1387 1079 1450 ratione
1100 1391 1199 1450 autem
1222 1390 1362 1452 reteren-

238 1492 304 1552 lum
328 1494 378 1552 est
400 1489 543 1571 quidquid
566 1489 620 1550 vel
642 1507 740 1550 rernm
765 1487 927 1551 cGraecia
946 1490 1110 1550 assumtum
1132 1491 1185 1554 vel
1204 1492 1362 1554 uerlrlsita

237 1593 421 1654 enunciatum
437 1592 502 1670 est,
524 1594 558 1654 ut
580 1603 638 1652 uon
659 1589 749 1673 'plene
771 1606 811 1651 ex
832 1590 899 1652 sola
919 1592 1131 1674 maturantque
1146 1594 1362 1655 cousuetudine

237 1693 335 1756 Latini
357 1693 502 1754 sermonis
524 1695 650 1774 pateat,
672 1693 729 1754 setl
743 1691 944 1754 veram‘suam
964 1692 1024 1753 rim
1048 1696 1079 1754 et
1100 1691 1196 1754 lucem
1212 1711 1254 1754 ex
1276 1711 1361 1756 eom-

236 1792 392 1875 paratione
418 1794 532 1856 demum
561 1795 724 1874 analogiae
751 1793 890 1858 Graecae
917 1793 1047 1873 accipiat
1061 1788 1103 1872 ⁶).
1147 1794 1245 1855 liuius
1267 1797 1362 1874 igitur

236 1895 421 1974 Graecismi,
449 1896 507 1958 nisi
533 1893 651 1976 'iallor,'
671 1898 700 1958 in
731 1895 779 1958 luis
806 1895 987 1958 artificiosae
1019 1890 1100 1956 illins
1131 1901 1235 1958 rectae
1259 1900 1361 1978 poetis

236 1996 351 2059 Latinls
384 1999 550 2077 praecipua
578 2015 698 2080 quoqne
726 2000 805 2060 ratio
833 1995 970 2059 lancula
1001 1999 1059 2058 est.
1110 1995 1167 2081 Qui
1195 2002 1229 2062 ut
1258 1999 1360 2062 luorum

237 2097 361 2158 omnium
378 2099 409 2158 et
424 2099 610 2176 superiorum
631 2100 839 2160 nonnullorum
862 2100 1023 2162 communis
1039 2102 1099 2178 est,
1116 2100 1160 2163 ita
1181 2102 1211 2161 iu
1232 2102 1363 2180 singulis

236 2199 391 2260 admodum
413 2199 517 2259 varius
538 2201 631 2278 atque
654 2197 731 2260 adeo
754 2199 895 2260 diversus
908 2204 1047 2279 apparet.
1078 2202 1154 2264 Nam
1175 2223 1263 2285 quum
1284 2203 1361 2284 apud

235 2301 409 2382 superiores
439 2302 568 2380 poetas,
585 2298 764 2360 'Varronem
787 2298 967 2380 Atacinnm,
990 2303 1178 2382 Lucretium,
1201 2301 1363 2382 Catullum,

235 2405 392 2485 ipsumque
407 2399 579 2482 Virgilium,
603 2402 652 2483 qui
674 2400 759 2480 primi
781 2398 855 2462 talia
876 2402 942 2461 suis
963 2403 1079 2464 vlribns
1093 2409 1264 2481 tentarunt,
1286 2407 1362 2464 slm-

234 2505 309 2586 plex
340 2503 457 2565 omnino
489 2505 521 2565 ct
552 2503 677 2582 apertus
709 2497 768 2580 slt,
805 2503 837 2563 et
868 2501 1043 2586 plerumque
1073 2505 1130 2566 stol
1160 2507 1297 2583 constet,
1329 2510 1362 2568 ut

236 2609 322 2691 quasi
353 2608 382 2668 in
408 2619 485 2687 puro
515 2605 548 2664 et
574 2602 695 2683 planisio
725 2605 802 2664 amni
831 2603 958 2684 undique
990 2611 1022 2668 et
1051 2606 1203 2670 commode
1228 2609 1362 2687 conspici

236 2711 351 2791 possita
379 2707 459 2789 apul
474 2706 630 2768 llaratium
655 2705 711 2766 inm
733 2705 827 2767 multo
851 2707 1034 2786 exquisitior
1054 2713 1086 2771 et
1103 2708 1287 2771 reconditior
1304 2717 1363 2789 est,

237 2814 270 2874 ut
293 2809 482 2874 reverticula
505 2806 570 2870 eins
585 2811 618 2870 ot
637 2824 779 2870 recessus
802 2807 950 2884 indagare
974 2814 1006 2873 et
1026 2816 1171 2873 excutere
1194 2811 1363 2893 ipsumque,

237 2915 332 2977 sluull
348 2917 455 2977 unctus
471 2912 577 2992 lucris,
593 2909 678 2974 reim
693 2910 820 2974 alterum
840 2909 985 2990 quonlam
1000 2913 1141 2974 Proteum
1154 2913 1274 2974 multum
1287 2932 1364 2975 ver-

239 3019 423 3094 seruatque
446 3013 524 3074 aleo
551 3025 689 3093 premere
712 3011 835 3090 lebeus,
858 3013 884 3072 sl
908 3013 1024 3094 quidem
1049 3023 1155 3076 verum
1179 3017 1364 3097 extorquere

240 3114 330 3175 uelis.
374 3113 480 3192 Neque
501 3115 576 3173 enlm
597 3107 749 3192 quisquam
770 3112 939 3194 aequalium
961 3119 1135 3195 poetarum,
1165 3135 1203 3178 ne
1226 3117 1363 3198 Proper-

240 3215 300 3277 tius
324 3210 458 3292 quirlem,
477 3214 654 3293 „spiritu
675 3212 819 3301 Graiae
843 3217 951 3276 tenui
975 3214 1197 3278 Camenae“
1226 3221 1364 3298 omnique

242 3315 376 3376 deumiura
396 3313 594 3376 transmarina
612 3318 704 3395 atque
727 3316 900 3380 aduenticia
921 3319 981 3379 tam
1004 3317 1094 3398 mene
1113 3319 1145 3378 et
1162 3321 1223 3379 tam
1243 3321 1365 3398 penitus

242 3416 371 3478 inobrutus
396 3411 469 3494 luit,
498 3432 583 3497 quem
607 3417 761 3479 Horatius.
805 3420 919 3482 Plenac
948 3421 1019 3480 snut
1045 3419 1166 3481 Satirae
1193 3423 1225 3481 et
1246 3421 1364 3502 Epotll,

243 3517 334 3598 plena
356 3521 425 3577 sunt
445 3513 596 3599 Gannina,
618 3519 730 3600 plenae
750 3526 821 3585 sunt
844 3520 1022 3604 Epistulae:
1049 3522 1105 3584 sed
1132 3540 1176 3584 enx
1192 3539 1249 3586 nco
1271 3527 1367 3606 prima

249 3673 454 3682 —---—--

296 3755 327 3821 4)
345 3753 466 3810 Bernh.
486 3758 513 3809 ln
531 3772 602 3812 cens.
615 3756 735 3814 Peerllrn
754 3755 843 3809 llorez
862 3757 992 3822 verdieut,
1010 3755 1223 3830 uieLessing
1239 3776 1292 3813 von
1310 3759 1367 3814 sich

349 3837 439 3891 selber
461 3838 582 3908 gestulii,
612 3841 660 3894 das
683 3842 763 3896 Beste
789 3844 878 3896 seiner
903 3841 999 3896 Poesie
1024 3846 1113 3914 ciuzig
1136 3843 1189 3896 und
1214 3843 1295 3896 allein
1320 3841 1368 3894 cler

349 3921 487 3984 ursuli,
517 3923 600 3977 deren
627 3923 759 3994 Wirlunng
785 3925 842 3979 sicli
873 3927 946 3980 nicht
975 3927 1092 3982 obenhin
1124 3928 1172 3981 aul
1194 3927 1238 3981 die
1261 3925 1368 3994 lunappo
1495 3959 1518 3980 ⁴

350 4007 403 4058 last
418 4005 595 4076 symbolische
613 4005 789 4078 Behandlung
808 4013 896 4065 selues
913 4011 1012 4065 stores
1030 4010 1169 4065 erstreolrt.

171 4137 176 4154 .
298 4106 323 4172 5)
343 4101 491 4166 Quintil.
511 4103 544 4169 X,
564 4115 596 4166 1,
615 4109 666 4162 96:
692 4104 871 4160 Horatius-
893 4110 987 4178 plenus
1007 4118 1047 4164 est
1066 4108 1239 4164 iucunditatis
1258 4110 1284 4158 et
1301 4119 1368 4175 gra-

346 4192 401 4242 tiae
418 4191 579 4241 etvarins
600 4189 732 4258 liguris
750 4198 783 4245 et
801 4193 925 4247 verbis
945 4195 1158 4248 felicissime
1177 4190 1295 4245 audax.
1312 4190 1367 4244 Clu.

316 4293 323 4300 ·
345 4276 431 4340 ipsum
450 4272 526 4328 llor.
542 4271 625 4344 Epist.
646 4274 675 4338 ll,
696 4279 796 4338 1,166.

294 4368 326 4432 6)
348 4367 413 4422 Tam
433 4370 496 4423 latis
513 4371 609 4424 linibus
628 4369 774 4427 Graecismi
793 4377 928 4444 regionem
952 4379 1009 4446 ipse
1023 4373 1151 4429 lloratius
1168 4375 1199 4432 Α.
1217 4372 1244 4428 Ρ.
1258 4376 1294 4434 46
1308 4389 1366 4444 sqq.

346 4451 424 4505 nobis
449 4456 662 4524 circumscripsit.
