3046 5224
286 428 362 479 nxrr
435 407 455 472 '.

435 495 452 530 Ο

287 595 436 682 rlois⁴⁵)‚
470 603 501 662 et
530 601 650 678 insigne
674 603 869 680 praeseptum
898 599 1094 661 lsooratis
1119 600 1249 660 oratoris
1265 594 1311 678 ⁴⁶]
1335 597 1418 660 alia-

287 719 344 785 qne
373 703 514 766 nonnulla
545 703 713 783 eonrparari
740 706 885 782 possunt,
918 703 947 760 in
979 701 1163 783 eundemque
1184 700 1311 778 librum,
1330 701 1416 760 teste

286 803 497 887 Porphyrione
523 801 713 883 Scholiasta,
751 805 939 882 „congessit
971 808 1138 884 praecepta
1164 800 1418 882 Neoptolemi

287 911 342 970 τοῦ
356 911 517 989 Παριανοῦ
540 909 578 970 de
600 912 666 969 arte
691 907 825 986 poetica,
847 923 904 964 non
931 905 1046 984 quidem
1071 906 1176 984 omnia,
1201 904 1254 964 sed
1278 904 1416 964 eminen-

288 1009 444 1072 tissirna.“

388 1112 473 1174 Haeo
490 1109 526 1170 de
541 1105 657 1171 lloratii
680 1107 905 1188 exemplaribus
922 1107 1048 1168 Graecis
1071 1105 1286 1186 praeponenda
1306 1108 1416 1186 putavi

284 1221 345 1272 non
374 1214 471 1274 omnia
496 1206 614 1294 quidem
643 1228 720 1292 qnae
746 1211 854 1274 ellrmdi
877 1213 1021 1292 possent,
1051 1207 1105 1269 sed
1137 1225 1216 1290 qnae
1238 1224 1279 1268 ex
1304 1227 1418 1286 magna

287 1315 374 1394 eopia
405 1315 482 1376 satis
512 1329 582 1374 esse
610 1310 786 1375 viderentur
816 1309 853 1373 ad
881 1329 976 1374 meam
1006 1308 1073 1370 mibi
1108 1311 1185 1372 viam
1218 1309 1416 1370 muniendam.

284 1409 347 1474 lam
371 1431 466 1495 vero,
502 1423 535 1478 nt
559 1417 680 1477 taudem
708 1419 738 1478 in
766 1434 803 1477 eo
832 1414 910 1496 qnod
943 1413 1130 1494 propositum
1161 1417 1209 1474 est
1238 1411 1414 1492 subsistam,

287 1517 443 1594 primum
459 1517 627 1582 Garnrinnm
649 1519 754 1581 librum
776 1517 938 1598 separatim
961 1518 993 1578 et
1009 1514 1111 1578 dedita
1126 1531 1219 1596 opera
1239 1532 1417 1592 aggressus

286 1635 351 1678 snm
381 1620 596 1684 cumGraecis
623 1620 804 1704 sriptoribns
833 1619 972 1680 conferre
994 1624 1089 1680 etex
1118 1619 1156 1678 iis
1180 1616 1353 1697 explicare,
1384 1623 1419 1679 nt

287 1736 347 1799 qno
380 1723 536 1782 oarrnimrm
571 1741 691 1805 eornm,
728 1740 805 1804 qnae
834 1720 953 1783 Graeco
988 1722 1074 1784 fonte
1106 1721 1234 1782 deducta
1265 1717 1417 1801 videntur,

286 1820 381 1900 longe
403 1825 527 1904 plurima
546 1828 780 1888 continerentur.
807 1823 882 1886 Nam
896 1823 1041 1884 Horatius
1055 1827 1213 1905 postquam
1237 1821 1321 1882 initio
1342 1841 1418 1884 sane

287 1922 424 1987 Graecos
449 1928 541 2008 paulo
563 1928 722 1991 sollieitius
744 1926 918 2008 expressit,
948 1925 1015 1988 iude
1041 1944 1059 1988 a
1081 1925 1158 1988 libro
1178 1924 1311 1986 seeundo
1335 1923 1418 1988 Car-

286 2028 391 2088 minnm
415 2031 511 2090 omnia
533 2029 569 2088 ad
592 2049 676 2090 surum
696 2032 833 2092 indicium
854 2031 1043 2091 onniorrnare
1067 2031 1184 2110 eoepit,
1215 2030 1242 2088 in
1271 2031 1362 2092 tertie
1387 2035 1420 2091 et

286 2132 395 2206 quarto
422 2128 539 2190 Graeca
562 2146 621 2188 non
642 2136 793 2191 mutuatus
817 2134 866 2189 est
894 2131 951 2189 nisi
972 2134 1005 2192 nt
1029 2130 1211 2218 Graecorum
1234 2134 1418 2195 suauitatem

285 2225 362 2286 loeis
378 2225 494 2306 aliquot
515 2227 650 2290 adoleret.
683 2229 791 2311 ltaque
808 2234 840 2289 nt
852 2230 1009 2309 praeclara
1027 2236 1101 2295 artis
1122 2251 1216 2314 opera
1239 2253 1295 2295 nos
1317 2236 1418 2296 inter-

288 2326 354 2387 dum
376 2328 476 2405 magis
496 2324 650 2390 oblectare
674 2336 706 2392 et
728 2331 826 2392 aerius
849 2348 1037 2392 commovere
1060 2333 1170 2412 solent,
1197 2337 1224 2394 si
1239 2354 1297 2396 non
1312 2355 1418 2398 omnes

286 2430 391 2507 partes
412 2447 508 2510 aeque
531 2427 706 2492 elaboratae
729 2436 781 2494 ant
803 2433 859 2492 sub
882 2450 940 2493 nna
962 2433 1126 2515 eademqne
1147 2434 1237 2514 plena
1259 2455 1294 2496 ao
1307 2441 1419 2516 perle-

286 2531 337 2589 ota
356 2528 424 2591 lnoe
449 2531 626 2611 propositae
647 2538 840 2614 appareant.
858 2535 914 2596 sed
939 2539 971 2597 et
992 2535 1113 2596 umbrae
1134 2535 1252 2614 aliquae
1276 2537 1337 2599 siut
1360 2556 1418 2602 nee

288 2629 388 2692 desint
414 2631 584 2695 leviuscula
606 2636 752 2716 quaedam
775 2637 863 2698 limae
890 2645 983 2718 'atque
1012 2633 1126 2696 laboris
1153 2634 1278 2719 indioia,
1309 2641 1419 2723 quibus

287 2733 372 2795 initia
392 2735 466 2797 artis
489 2739 520 2796 et
541 2736 723 2801 incrementa
738 2747 908 2817 agnoscere
924 2739 1091 2818 possimus3
1113 2739 1156 2800 ita
1179 2739 1325 2816 primitiae
1349 2760 1417 2800 me·
1448 2773 1452 2788 ν

288 2834 365 2897 lioae
389 2837 464 2900 artis
488 2839 683 2920 Horatianae,
707 2862 883 2926 quamquam
907 2859 964 2905 non
983 2838 1116 2902 omnibns
1140 2839 1268 2898 numeris
1293 2839 1417 2900 absolu-

290 2941 341 3006 tae
363 2945 450 3020 sumt,
472 2945 569 3004 tamen
592 2948 626 3007 et
647 2947 774 3025 oegrritn
795 2947 984 3010 inormdiores
1009 2945 1095 3018 sunt,
1119 2941 1145 3000 si
1167 2959 1231 3002 oum
1256 2945 1415 3022 posterio-

290 3039 373 3099 ribus
407 3050 635 3124 eomparantnr‚
660 3027 692 3110 et
713 3051 755 3110 ita
778 3049 891 3110 demum
917 3064 1019 3110 veram
1049 3061 1133 3104 snam
1163 3063 1199 3108 ae
1229 3045 1334 3107 iustam
1366 3047 1418 3108 lu-

290 3155 353 3196 cem
375 3141 542 3221 aooipiuut,
572 3147 599 3204 si
629 3146 809 3210 Graecarum
836 3150 1001 3211 litterarum
1032 3145 1130 3207 lumen
1160 3147 1288 3210 aceedit.
1333 3149 1419 3234 Quae

290 3237 500 3318 interpretatio
521 3247 553 3303 nt
574 3245 732 3309 verissima
757 3253 815 3328 est,
838 3251 880 3311 ita
907 3249 1073 3312 cavendnm
1095 3252 1144 3311 est
1173 3266 1210 3310 ue
1243 3249 1282 3310 ad
1313 3268 1415 3313 omnes

302 3411 405 3421 ...ψ-’,ψ
412 3417 495 3426 .·--......

322 3510 438 3580 4⁵)1lro
457 3516 498 3568 vel
518 3533 550 3570 eo
570 3520 704 3576 sullieiant
718 3537 797 3593 ‘qnae
812 3523 1001 3578 Rerrtleins
1019 3525 1062 3577 ad
1088 3539 1123 3578 us.
1145 3531 1194 3582 172
1213 3531 1239 3578 et
1256 3524 1417 3581 Orellins

398 3597 431 3652 bd
452 3615 489 3653 VS·
510 3609 544 3660 73
561 3621 618 3676 sqq.
639 3612 696 3665 151.
719 3613 768 3665 163
786 3627 845 3682 sqq.
866 3618 923 3669 llll.
944 3617 1001 3669 194.
1020 3616 1078 3668 2¹5.
1099 3618 1159 3668 338.
1180 3609 1351 3666 adnotarunt.

326 3713 376 3780 dli)
394 3713 473 3768 ller.
491 3715 519 3769 A.
541 3714 651 3774 Mlti:
681 3719 792 3778 Ennbto
807 3727 892 3778 beiram
909 3740 1014 3780 women
1031 3742 1139 3796 sequar,
1160 3732 1194 3778 ut
1212 3726 1285 3779 sibi
1304 3729 1419 3796 quivis

679 3807 810 3877 Sperat
837 3811 936 3874 idem,
962 3811 1069 3864 surlet
1095 3811 1234 3863 inultum
1261 3810 1418 3862 frustra-

1122 3894 1351 3966 qnelaburet

681 3975 768 4028 Ausus
788 3977 872 4030 idem:
904 3985 1003 4031 tautum
1032 3981 1117 4032 series
1137 3983 1310 4048 iuncturaque
1329 3979 1417 4046 pollet.

1037 4065 1077 4117 nl.
1093 4062 1177 4134 Epist.
1192 4062 1228 4125 Η,
1250 4066 1350 4126 2‚124.

394 4135 502 4190 lsw.
528 4133 640 4190 Pdssfllll·
664 4139 729 4198 Bell.
754 4161 782 4214 p.
801 4151 866 4203 260:
893 4144 1012 4214 ἡγοῦμαι
1039 4152 1095 4202 τοῖς
1120 4146 1172 4214 ἤδη
1196 4146 1293 4220 mebris
1318 4146 1419 4214 ἔχουσιν

393 4218 556 4288 ἆρμὸττειν,
574 4219 623 4274 οὐκ
642 4221 746 4280 ἐκεῖνον
764 4228 813 4282 vde
828 4231 931 4298 τρόπον
948 4231 1041 4300 λέγειν.
1057 4230 1115 4284 oilt'
1133 4231 1174 4288 oie
1193 4229 1419 4298 dnooaaeroa‘e

395 4301 437 4354 ἂν
456 4303 645 4358 &ditium
675 4307 946 4380 ἢβουληθεῒεν,
975 4313 1092 4371 oo’deis
1120 4314 1149 4368 δ’
1176 4313 1217 4370 o’l'v
1243 4311 1418 4384 δυνηθείη

391 4385 524 4486 qdqrdiuqs
549 4389 620 4455 πλήν
646 4393 700 4445 τῶν
724 4403 852 4451 πονεῖν
877 4397 1032 4452 ἐθελόντων
1050 4407 1096 4453 καὶ
1113 4395 1218 4470 σφόδρα
1237 4398 1419 4471 προσεχόντων

396 4491 444 4524 too
463 4491 536 4524 aava.
