3064 5206
1191 361 1255 428 179

129 555 200 616 sunt
223 525 299 616 satis
321 499 416 635 liquet
438 550 573 614 corollas
595 547 775 611 convivales
797 550 877 630 apud
901 549 1039 614 Graecos
1062 550 1146 614 vitae
1167 567 1254 612 conu-

128 657 224 718 munis
252 675 287 719 ac
310 672 408 736 prope
431 651 600 714 cotidianae
628 651 724 711 tuisse
752 654 785 712 et
812 667 877 712 cunr
906 652 979 730 potu
1004 670 1040 713 ac
1060 650 1254 715 libationibus

129 759 171 820 ita
194 759 372 820 coniunctas
392 759 487 834 atque
508 770 673 830 connexas,
692 755 724 813 ut
744 770 781 815 ne
796 754 824 814 ln
845 752 955 813 castris
979 752 1095 830 quidem
1110 756 1162 817 aut
1176 772 1254 820 oon-

129 860 261 922 tionibus
279 855 481 934 attenderent,
504 871 561 916 nec
586 860 690 916 contra
714 873 825 916 morem
847 852 966 916 civilem
988 853 1091 914 iacere
1108 855 1254 918 vidoren-
1365 855 1369 860 “

129 966 182 1024 tur
203 961 230 1020 si
255 960 305 1040 qui
320 945 540 1021 comissabundi
562 974 626 1018 cum
647 958 766 1019 coronis
787 974 843 1037 per
865 957 932 1018 vias
953 955 1091 1037 publicas
1114 956 1255 1020 incedere

131 1062 267 1123 vellcotr
289 1066 373 1124 certe
397 1059 428 1120 id
451 1061 553 1121 lacere
574 1074 631 1119 non
652 1057 773 1137 publice
795 1059 998 1137 vetabantur,
1027 1057 1084 1118 nisi
1111 1057 1193 1140 quod
1222 1060 1256 1122 et

132 1162 378 1243 Lacedaemone,
403 1141 468 1224 dum
491 1162 530 1223 ibi
550 1161 652 1242 prisca
675 1160 833 1243 disciplina
855 1161 1006 1240 vigebat',
1029 1158 1110 1223 uuila
1141 1159 1254 1222 comis-

130 1265 217 1326 sandi
247 1264 367 1327 licentia
400 1264 624 1326 concedebatur
657 1263 752 1342 (teste
783 1255 912 1335 Platone
946 1263 1025 1345 apud
1052 1259 1165 1324 Athen.
1194 1258 1257 1340 lv,

131 1384 158 1426 c.
188 1361 259 1446 43.)
283 1369 315 1426 et
334 1366 468 1429 ludicrae
500 1366 626 1428 alicuius
650 1366 798 1428 victoriae
820 1369 943 1445 insigne
977 1365 1053 1447 ipsis
1076 1361 1257 1445 praesertim

130 1465 211 1526 ludis
234 1467 292 1528 sibi
312 1485 460 1546 arrogare
483 1470 511 1530 in
533 1468 645 1530 ceteris
668 1468 843 1530 civitatibus
867 1467 1016 1532 Graeciae
1034 1466 1154 1548 impuno
1177 1464 1257 1528 lice-

130 1568 185 1631 bat
206 1571 331 1649 cenrini,
360 1572 537 1652 ceteroquin
561 1568 641 1632 baud
663 1573 859 1634 severissimo
881 1571 940 1634 tine
960 1567 1112 1652 publicum
1135 1571 1168 1632 et
1188 1567 1257 1650 prl-

130 1675 232 1735 vatcm
254 1690 433 1735 coronarum
455 1693 539 1736 usum
560 1674 800 1736 discernentibus
823 1673 966 1752 Graecis,
997 1673 1086 1734 aliter
1107 1687 1183 1732 sanc
1204 1673 1256 1735 at-

133 1792 193 1855 que
216 1774 330 1837 Romae
352 1775 462 1854 flebat,
484 1777 511 1837 si
525 1776 652 1838 Plinium
675 1777 811 1838 audimus
833 1772 921 1852 XXI,
945 1791 973 1835 c.
986 1773 1024 1835 e:
1053 1772 1258 1836 Teautoribus

131 1881 300 1941 utebantur
328 1880 448 1957 antiqui
469 1885 614 1956 atruppos
636 1879 849 1958 appellantes,
876 1871 961 1934 unde
981 1881 1059 1934 nota
1080 1874 1260 1955 strophiolo.

136 1981 220 2056 Quin
245 1989 277 2041 et
295 1978 479 2040 uocabulum
498 1979 601 2058 ι’ρειιιιι
622 1977 713 2038 turdo
735 1978 992 2038 communicatum
1013 1983 1076 2055 cet,
1105 1978 1187 2038 inter
1205 1996 1259 2038 aa·

133 2103 188 2146 cru
210 2090 332 2144 tontum
355 2089 387 2142 ot
407 2079 531 2140 bellicos
552 2081 684 2140 bonores
707 2081 827 2140 coronis
848 2098 941 2140 ouum
963 2097 1075 2140 nomen
1096 2078 1259 2141 vindicum-

131 2187 236 2260 aiom·
264 2205 358 2267 quum
382 2203 457 2244 cero
483 2203 500 2244 e
524 2181 656 2264 floribus
681 2183 810 2264 fierem,
837 2189 922 2242 serta
948 2201 968 2241 a
989 2181 1122 2244 serendo
1142 2186 1262 2246 serieve

132 2289 384 2370 appellabuntur.
428 2303 455 2348 c.
478 2282 515 2364 3,
546 2283 673 2366 5seq.:
710 2283 843 2367 Semper
874 2292 979 2345 tamen
1009 2287 1179 2347 auctoritas
1210 2287 1262 2347 uel

133 2390 252 2451 ludicro
273 2391 487 2472 quaesiturum
505 2390 571 2471 facit
593 2419 630 2430 -
640 2413 653 2462 ,·
674 2391 849 2470 ingensque
870 2395 901 2449 et
921 2387 993 2449 binc
1012 2391 1175 2450 emeritos.
1219 2387 1261 2452 Ia.

134 2493 268 2554 It'olctus
291 2492 492 2574 argentarius
513 2492 592 2552 bello
606 2492 728 2554 Punico
747 2491 884 2553 secundo
906 2513 977 2554 cum
996 2511 1109 2554 corono
1129 2510 1261 2554 rosacea

132 2595 268 2656 interdiu
288 2614 306 2655 e
322 2596 462 2678 pergula
483 2614 544 2657 oua
570 2597 604 2657 in
621 2597 730 2677 forum
746 2599 949 2679 prospectore
970 2594 1070 2657 dictas
1091 2616 1131 2656 es
1153 2603 1261 2657 aucto-

132 2699 226 2759 ritate
245 2707 376 2758 secatae
396 2701 431 2760 im
450 2718 608 2760 carcerem
628 2698 782 2760 obductus
802 2719 865 2759 nom
886 2707 960 2760 unte
970 2698 1067 2778 finem
1085 2697 1159 2758 ocia
1169 2699 1261 2758 oma-

132 2818 187 2860 sus
213 2808 270 2859 cet.
323 2795 419 2882 Cuius
448 2799 630 2872 severitatis
656 2799 765 2860 deinde
789 2803 821 2862 et
843 2783 923 2861 aliud
945 2800 1068 2876 insigne
1089 2797 1261 2877 exemplum

133 2903 237 2968 narrat
261 2902 293 2961 et
315 2898 460 2963 Caesaris
482 2898 620 2977 Augusti
644 2900 673 2960 in
695 2899 794 2962 liliam.
845 2902 915 2962 Nun
938 2904 988 2963 cst
1009 2901 1105 2979 igitur
1125 2918 1178 2962 cur
1202 2901 1260 2962 mi·

134 3017 245 3077 remur,
268 2998 348 3082 quod
373 3000 521 3065 Horatius
545 3004 578 3062 ut
601 3019 658 3082 pro
679 3020 736 3063 aua
759 3003 976 3067 cousuetudine
998 3002 1176 3066 carminibus
1198 3003 1261 3064 suis

136 3100 269 3163 Graecos
285 3101 418 3164 ‘colores
440 3102 597 3166 inducendi
625 3105 655 3164 in
682 3102 741 3166 boc
761 3123 882 3188 quoque
904 3123 1021 3185 genere
1041 3107 1170 3168 externa
1192 3125 1260 3166 mu·
1295 3101 1298 3106 ’

135 3204 238 3265 tuatus
262 3206 320 3282 est,
344 3205 388 3266 ita
410 3223 474 3266 eam
495 3204 665 3268 libertatem
687 3206 887 3269 Romanorum
908 3227 1019 3272 morum
1041 3208 1159 3272 ratione
1181 3212 1261 3272 tem·

135 3306 276 3386 paravit,
303 3313 334 3369 ut
357 3324 456 3389 nequo
476 3309 674 3371 comissantes
693 3327 817 3392 usquam
838 3311 991 3374 induxerit
1005 3315 1178 3394 coronatos,
1201 3332 1260 3376 ue-

135 3425 195 3488 quc
216 3411 429 3490 περιδεριιίους
447 3408 617 3492 στιφάνους
635 3411 705 3474 ullis
725 3397 865 3476 laudibus
881 3415 1103 3494 celebraverit,
1125 3435 1261 3478 omnem-

134 3527 192 3590 que
217 3510 365 3574 licentiam
393 3516 483 3596 atque
503 3499 651 3576 luxuriam
675 3517 741 3578 eius
763 3517 808 3578 roi
830 3517 995 3596 prudenter
1017 3535 1035 3577 a
1058 3536 1093 3578 re
1115 3519 1262 3579 reiecisse

136 3614 168 3673 et
189 3617 368 3693 aspernatus
390 3633 461 3676 esse
486 3617 637 3679 videatur.

238 3715 382 3798 Quoniam
405 3716 444 3776 de
465 3736 521 3776 usa
542 3733 719 3778 coronarum
744 3712 826 3786 dixi,
848 3715 987 3775 cuneda
1007 3718 1181 3798 praecipuis
1203 3737 1261 3782 co-

122 3816 316 3890 ronamentis
339 3833 438 3894 pauca
459 3815 565 3877 dicam.
615 3812 692 3872 Nam
718 3811 748 3870 in
768 3809 815 3871 lrls
837 3831 958 3896 quoquc
981 3816 1171 3884 celebrandis
1192 3821 1261 3884 llo-

134 3919 228 3981 ratius
259 3935 294 3980 se
317 3917 356 3979 ad
380 3915 565 3979 Graecorum
586 3913 778 3974 imitationem
804 3918 1012 3997 composuisse
1042 3927 1261 4002 cognoscetur.

136 4019 458 4083 coronamentum
486 4018 585 4077 autem
609 4000 778 4090 scriptores
805 4019 931 4080 veteres
952 4021 1150 4100 appellabant
1170 4024 1261 4105 quid-

135 4122 206 4202 quid
227 4124 394 4204 plantarum
417 4116 561 4183 texendis
582 4113 703 4178 coronis
726 4111 940 4200 adhibebatur,
965 4123 1034 4182 aive
1056 4123 1086 4182 id
1110 4121 1184 4185 licre
1206 4143 1262 4185 seu

136 4227 239 4304 potius
260 4227 333 4288 lolio
360 4221 538 4300 constabat,
569 4219 595 4280 si
615 4215 703 4279 modo
728 4233 875 4296 ,coronas
900 4221 1036 4284 iaceret‘
1058 4221 1151 4304 (Plio.
1173 4225 1262 4308 XXl,

138 4323 170 4401 8,
185 4321 274 4404 na),
303 4331 336 4390 ut
356 4346 394 4389 eu
415 4327 531 4389 nomine
556 4341 614 4386 nou
635 4319 730 4383 solum
753 4317 844 4384 tiores
867 4324 966 4408 quiin
988 4327 1072 4389 serta
1099 4331 1262 4394 concinna-

138 4425 260 4501 rentur,
289 4427 345 4488 scd
366 4446 470 4490 omnes
498 4429 616 4492 omnino
642 4425 764 4508 plautas
785 4427 958 4492 coronarias
980 4428 1262 4514 complecterentur.
