3072 5180
1215 359 1274 424 lll

252 565 285 606 v.
310 541 360 608 28.
406 542 460 608 Sin
484 544 540 606 rios
563 523 770 628 deflootsDe
796 545 942 628 porticulo
962 547 1024 609 sio
1047 547 1118 608 vide
1141 546 1177 608 ad
1199 545 1236 609 0.
1252 545 1276 624 l,

154 643 533 726 3,l.,ueeer1uendt
559 647 656 708 verbo
678 648 716 708 ed
740 646 764 724 l,
788 647 839 728 1⁷,
864 647 910 712 15.

255 770 286 810 u.
307 748 361 812 29.
406 771 505 831 aequo
528 751 567 810 ob
587 746 677 830 Jove}
711 747 932 824 intelligendus
960 745 1038 822 Ζεός
1069 749 1277 829 πλουτοδότης

153 849 292 930 idemque
318 845 459 927 κτήσιος,
482 850 521 912 de
540 868 598 929 quo
623 851 685 912 vid.
707 849 873 912 Lobeolr.
896 849 1054 930 Aglaoplr.
1081 871 1156 932 pag.
1184 853 1275 919 1239.

154 951 223 1011 coll.
244 950 434 1012 llleineolr.
458 950 496 1012 ed
519 951 674 1014 lllenundr.
698 969 729 1030 p.
752 947 824 1012 182.
853 955 886 1012 et
907 951 978 1012 lior.
1004 952 1072 1032 llpt.
1089 952 1114 1032 l,
1137 951 1186 1034 18,
1203 955 1275 1018 lll.

172 1109 176 1114 .
257 1073 290 1114 v.
313 1051 365 1116 30.
410 1051 558 1136 Negligis
578 1055 736 1115 immerite
757 1055 930 1116 nocituram

363 1155 529 1217 Postmodo
556 1165 587 1217 ie
611 1158 695 1216 notis
718 1156 867 1238 fraudem
890 1152 1104 1216 committere?
1146 1155 1228 1216 Fore
1247 1166 1281 1218 'et

406 1257 521 1317 Deoua
545 1261 618 1319 iura
639 1260 784 1338 vicesque
805 1258 958 1338 superbae
1020 1336 1025 1343 Ι

368 1357 413 1418 Te
432 1336 584 1418 maneant
604 1362 726 1440 ι’μοαπιτ
754 1359 896 1440 precibus
917 1377 980 1419 mon
1000 1359 1125 1442 linquar
1144 1359 1277 1446 turoldo]

155 1453 309 1532 „Fraus
331 1458 492 1537 postmodo
515 1460 680 1522 nociture“
706 1464 754 1523 est
775 1457 851 1541 ἄγος
866 1458 1062 1523 Graecorum.
1084 1459 1132 1552 ltu
1152 1461 1277 1543 Sopho-

156 1552 220 1616 eles
244 1557 273 1616 ln
301 1557 408 1637 Antig.
429 1558 511 1622 256:
1121 1587 1124 1592 ·

301 1656 394 1739 teuzi
417 1659 458 1744 δ’,
478 1659 554 1744 όὶγος
577 1659 742 1744 φεύγοντος
763 1660 813 1742 ὥς,
833 1663 911 1739 ἐπῆν
932 1657 1024 1738 κόνις.

154 1759 205 1820 uhi
226 1761 348 1826 Sobel:
372 1761 404 1826 οἱ
432 1757 539 1846 νεκρόν
564 1759 695 1842 ὁρῶντες
721 1761 840 1846 ἄταφον
870 1769 923 1828 καὶ
951 1759 997 1844 μη)
1026 1760 1281 1844 ἒναμησάμε-

154 1875 218 1925 νοιΙ
240 1860 351 1928 κόνιν
379 1864 539 1946 ἐναγεῖς
568 1858 647 1927 εἶναι
673 1863 808 1928 ἐδόκουν.
860 1865 982 1926 Fundus
1011 1862 1098 1923 huius
1130 1865 1279 1943 opinionis

158 1964 274 2026 omnino
298 1968 347 2026 est
367 1961 527 2033 Homeri
549 1964 634 2026 loeus
657 1981 698 2024 ex
724 1965 842 2044 Neeyie
866 1983 953 2044 quem
977 1965 1033 2044 iem
1057 1965 1280 2044 supradictum

158 2067 208 2126 est
226 2065 359 2154 Horatio·
377 2070 448 2129 ente
470 2065 576 2128 oeulos
598 2065 706 2126 luisse.
747 2066 793 2128 lbi
815 2067 889 2128 enim
916 2066 1067 2146 Elepeuor
1089 2065 1208 2128 Ulixem
1233 2067 1278 2128 his

157 2167 260 2228 verbis
285 2171 428 2249 predatur
449 2188 481 2229 ν.
500 2165 554 2232 66.
578 2167 610 2230 e't
631 2166 762 2250 lump:

244 2272 298 2332 νῦν
322 2271 357 2333 δέ
375 2293 412 2334 σε
431 2274 493 2334 τῶν
517 2266 631 2334 ὄπιθεν
652 2267 848 2352 γουνάζομαι,
870 2266 908 2334 οό
931 2267 1110 2355 παρεόντων
1129 2303 1179 2335 -η

242 2370 285 2452 μή
309 2369 506 2454 μ’όίκλαντον
527 2369 676 2438 ἄθαπτον
698 2367 754 2438 ἶαῖν
772 2370 886 2438 ὄπιθεν
908 2375 1112 2449 καταλείπειν,

243 2480 447 2558 νοσφισθεὶς,
465 2473 516 2558 μή
537 2479 600 2539 τοί
619 2496 656 2539 τί
674 2479 778 2541 θεῶν
801 2473 950 2559 μήνιμα
972 2457 1158 2558 γένωμαι.

158 2575 244 2658 Quod
268 2579 443 2642 trondem
467 2579 555 2640 etiem
575 2580 679 2642 netis
702 2581 927 2643 noeitnrem
949 2580 1037 2657 dixit,
1059 2578 1090 2638 id
1113 2577 1150 2637 de
1172 2578 1283 2655 poste-

157 2681 267 2742 riorum
287 2682 439 2744 sententiu
462 2681 591 2742 addidit..
625 2681 705 2746 Num
732 2684 805 2760 post
826 2680 987 2742 Homerum
1008 2679 1122 2739 demum
1143 2677 1208 2736 dire
1230 2676 1283 2738 ille
1358 2731 1369 2740 .

158 2799 194 2844 ee
218 2784 388 2844 truculente
410 2783 589 2860 superstitio
612 2782 741 2857 invaluit
762 2779 843 2859 apud
865 2779 1022 2856 Graecos,
1051 2781 1084 2838 ut
1106 2777 1282 2838 delictorum

159 2900 178 2941 a
201 2884 607 2946 maioribus'eommissorum
631 2897 748 2960 poenes
773 2879 927 2957 olibetis,
953 2877 1137 2957 nepotibus,
1150 2879 1303 2957 posterus,

161 2985 261 3060 repeti
285 2984 454 3044 crederent.
496 2983 544 3044 lte
568 2982 626 3042 iem
648 2979 745 3043 Solon
767 2979 861 3056 llleg.
886 2967 943 3057 Xl,
964 2975 1119 3042 25-32.
1138 2977 1231 3040 Sohn.
1254 2981 1286 3040 et

162 3081 324 3160 Theognis
344 3105 376 3146 v.
391 3085 461 3150 203
484 3104 570 3167 sqq„
599 3089 660 3148 tum
689 3099 782 3164 saepe
806 3081 933 3159 Tragici
959 3081 1153 3164 antiquiores.
1208 3077 1285 3142 Vide

162 3186 280 3246 omnino
298 3186 468 3250 Lobeelr.
493 3187 531 3249 ad
556 3181 772 3267 egiptus
795 3201 841 3266 sq.
884 3183 947 3245 Sed
971 3187 1041 3246 unte
1064 3201 1166 3246 omnes
1186 3183 1285 3264 inspi-

159 3286 286 3348 eiendus
304 3289 537 3370 Aeschylus
564 3291 593 3351 in
614 3288 743 3368 Snppl,
765 3288 815 3348 uhi
840 3285 996 3350 Danaides
1019 3283 1208 3364 Argivorum
1231 3303 1284 3347 re-

160 3407 233 3467 gem
263 3393 296 3453 ut
321 3410 356 3452 se
384 3393 414 3452 in
442 3392 565 3454 tutelam
595 3392 723 3472 resipiat
755 3407 834 3452 neve
864 3385 1009 3469 Aegypti
1038 3388 1124 3470 liliis,
1160 3405 1283 3470 quorum
1338 3459 1341 3462 ,

160 3487 338 3554 servitutem
364 3511 400 3557 ue
426 3495 641 3557 matrimonium
672 3493 834 3572 tugerent,
866 3490 980 3552 dedere
1014 3491 1091 3554 velit
1117 3491 1217 3551 multis
1252 3492 1286 3553 et

149 3593 350 3674 'supplicibus
367 3593 474 3658 uerbis
495 3601 596 3676 orant,
616 3597 684 3658 dein
707 3596 794 3657 etiem
817 3596 907 3674 etque
925 3592 1014 3654 etiem
1030 3594 1149 3653 monent
1166 3593 1199 3652 ut
1215 3591 1286 3672 piu-

162 3697 259 3759 oulum
283 3701 395 3760 eareat
415 3697 553 3778 tetro:
574 3695 672 3778 ἄγος
694 3691 868 3778 φυλάσσοι)
891 3696 923 3754 et
943 3698 977 3755 ut
997 3693 1097 3774 Jouis,
1117 3693 1285 3775 supplieum

161 3801 314 3884 praesidis
344 3805 376 3864 et
402 3803 505 3862 runrmi
535 3800 643 3862 iudiois
666 3797 874 3876 vindioisque,
900 3796 997 3857 omnia
1021 3794 1146 3860 humens
1174 3815 1210 3860 ee
1233 3799 1285 3859 di-

162 3907 237 3970 vlne
259 3907 325 3967 lure
344 3903 468 3984 tuentis,
493 3904 566 3965 irem
589 3898 625 3964 ee
648 3899 813 3982 potentiam
835 3897 1023 3979 reformidet,

249 4028 281 4069 v.
304 4005 385 4071 381:
408 4000 605 4090 τόνόιμόθεν
628 3996 747 4068 σκοπόν
769 3995 940 4066 ἐπισκόπει.

249 4130 281 4173 v.
303 4107 386 4174 385:
407 4109 491 4190 μόνοι
509 4131 559 4170 τοι
580 4102 682 4184 Ζηνός
702 4103 800 4169 turino
821 4097 911 4175 κότος

316 4241 318 4246 ’
409 4205 772 4291 δνοπαρόθελκτος
796 4200 959 4274 παθόντος
989 4195 1154 4282 αἴκισμ’).

167 4361 371 4372 ...ο-..-

222 4467 251 4536 1)
270 4466 369 4526 Selleis
387 4467 442 4524 τοῖτ
460 4469 572 4538 &proris
590 4453 645 4520 τῶν
663 4425 823 4532 πασχόντων
839 4457 974 4529 συμμαχεῖ
990 4453 1005 4512 ό
1024 4452 1072 4511 rod
1090 4453 1156 4514 Arte
1173 4443 1257 4522 κόλον.
