3064 5206
284 325 348 392 174

286 533 372 595 quom
400 513 447 578 tric
474 515 617 598 proprius
644 513 830 596 publicarum
852 529 1027 576 coronarum
1051 513 1176 577 ornatus
1198 513 1292 597 alpos
1314 511 1412 578 honos

286 602 382 676 fuisse
406 619 562 698 videatur,
583 620 617 679 ut
638 617 675 678 iis
697 618 816 679 taeniae
837 619 928 699 atque
947 617 1082 680 lemnisci
1104 617 1302 695 adderentur,
1326 621 1412 681 recte

180 725 185 738 ‘
284 713 439 779 Beckerus
469 724 596 803 utroque
625 719 694 782 loco
729 719 846 782 taenias
876 718 1029 782 intellexit
1059 736 1101 780 ex
1130 736 1242 792 corona
1271 721 1414 798 aptatas3

285 819 380 880 minus
399 821 477 883 hene
498 823 620 886 easdem
637 821 764 884 indidem
788 821 905 883 taenias
927 820 995 883 milri
1019 821 1135 902 quidem
1157 820 1280 890 ‚videtur
1302 822 1341 885 ad
1358 842 1412 885 οο-

284 919 379 986 roilas
403 925 584 989 convivales
601 919 840 1006 traduxisse¹⁷].
885 923 991 1008 Atque
1020 925 1062 984 ita
1086 923 1206 985 Horatii
1230 926 1337 1004 etiam,
1369 926 1413 988 nti
1506 973 1507 1002 ,

286 1021 394 1084 dictum
418 1029 483 1106 est,
515 1030 547 1090 et
574 1026 677 1088 Ovidii
699 1029 880 1109 ceterosque
902 1027 990 1090 locos
1012 1044 1089 1107 qnos
1113 1029 1334 1108 supraposui,
1360 1027 1413 1088 ubi

284 1122 444 1206 philyra
463 1130 493 1191 io
510 1129 629 1192 coronis
649 1132 906 1210 commemoratur,
929 1130 1096 1210 accipiunt,
1120 1129 1218 1190 secuti
1238 1127 1412 1191 Pascha-

285 1225 371 1290 lium
390 1228 501 1304 Conon.
511 1229 550 1310 ll,
560 1249 587 1292 ο.
603 1228 654 1292 tt.
676 1249 707 1310 p.
725 1229 797 1294 lttt.
841 1231 956 1299 Volunt
978 1237 1077 1297 autem
1100 1230 1130 1294 lt
1156 1248 1259 1292 omnes
1282 1249 1412 1293 coronas

284 1332 465 1394 convivales
496 1351 555 1394 non
584 1321 760 1413 simpliciter
786 1351 803 1394 e
832 1333 956 1398 tionibus
979 1338 1031 1398 aut
1053 1333 1211 1418 troadibus
1233 1333 1412 1417 colligatas,

283 1432 338 1491 sed
361 1436 538 1516 struppis
564 1435 742 1516 quibusdam
765 1435 808 1498 ita
829 1436 883 1498 vel
906 1438 1089 1500 intertextas
1111 1435 1164 1498 vel
1186 1435 1339 1498 involutas
1359 1442 1412 1500 at·

283 1551 342 1616 qne
371 1536 520 1616 religatas
549 1537 663 1616 tuisse,
698 1531 729 1599 u't
756 1541 788 1600 et
808 1538 837 1598 in
860 1538 972 1601 arrrbitu
989 1557 1119 1603 coronae
1143 1556 1246 1601 eorum
1270 1539 1410 1621 toruii,

217 1675 219 1680 -
283 1637 312 1698 id
338 1644 387 1702 cst
406 1638 476 1702 no'di
504 1639 666 1717 eleganter
688 1640 778 1719 nexi,
808 1641 922 1721 passim
944 1645 1152 1728 exsurgerent
1173 1643 1206 1704 et
1228 1641 1278 1702 ulti
1306 1642 1409 1704 coibat

284 1759 396 1816 corona
410 1748 567 1804 extremae
584 1743 699 1804 tasciae
722 1743 751 1804 in
773 1743 905 1806 laxiores
927 1745 1025 1806 nodos
1048 1745 1214 1824 collectae,
1238 1761 1315 1824 quos
1332 1763 1413 1824 pro-

284 1845 351 1924 prie
373 1844 585 1909 lemniseos
609 1845 899 1927 dicebaniveteres,
919 1837 1071 1932 'utrimque
1091 1849 1120 1909 in
1135 1847 1276 1914 humeros
1291 1846 1412 1909 deduc-

285 1945 375 2026 r'ent„
391 1952 546 2032 totumque
569 1952 809 2032 coronamentum
831 1949 905 2013 illud
927 1951 956 2014 io
977 1952 1093 2014 niodum
1118 1950 1295 2012 diadematis
1319 1953 1415 2046 caput

283 2052 509 2129 praecingeret.
561 2051 635 2112 Nam
663 2052 710 2114 sic
737 2055 822 2116 certe
849 2053 1029 2132 Bottigerus
1059 2073 1077 2116 e
1103 2070 1225 2135 papyro
1249 2053 1414 2115 coronaria
1508 2123 1509 2136 ,

284 2149 406 2235 (βύβλῳ
433 2155 670 2234 στεφανωτρίδι)
706 2170 845 2216 coronam
876 2171 940 2215 cam
970 2155 1151 2236 descripsit,
1182 2173 1241 2237 qna
1268 2154 1415 2218 Sabinam

285 2337 488 2346 *—

389 2482 419 2520 so
438 2466 553 2536 dignans
571 2464 676 2518 honore
694 2461 867 2531 Empedocles
895 2478 944 2531 per
961 2463 1110 2521 Siculorum
1137 2464 1219 2518 urbes
1242 2465 1342 2519 incedit
1366 2472 1418 2535 (ut

387 2553 425 2604 ait
444 2553 503 2620 ipse
522 2565 565 2618 ap.
584 2547 662 2618 Πίος.
682 2547 773 2602 Laert.
794 2545 870 2613 Vlll,
888 2545 962 2616 ent:

457 2635 623 2691 Tacuisse
647 2653 676 2688 το
693 2635 868 2700 περίστεπτος
886 2633 1009 2702 στέφεσίν
1024 2651 1054 2685 τε
1070 2630 1202 2690 θαλείοις.

389 2717 427 2774 lle
454 2737 504 2775 usu
529 2720 794 2780 lemnisoorum,
820 2729 887 2786 quos
910 2729 963 2774 une
987 2732 1072 2786 prope
1097 2733 1189 2771 omnes
1213 2731 1281 2770 voce
1300 2719 1417 2773 maioris

389 2805 501 2861 honoris
519 2818 616 2860 caussa
632 2803 741 2857 coronis
758 2799 822 2854 addi
840 2800 937 2854 solitos
956 2808 1129 2866 asseverent,
1148 2804 1269 2872 inprimis
1287 2801 1342 2858 vid.
1359 2802 1416 2857 Ga-

389 2893 503 2947 saulron.
520 2889 554 2944 ad
572 2889 683 2944 Sueton.
700 2887 763 2945 Ner.
784 2901 807 2944 c.
823 2887 867 2942 25.
886 2890 912 2940 et
925 2883 1084 2956 llesseiing.
1102 2885 1270 2944 dettrclront.
1288 2886 1415 2944 ludaeor.

389 2995 415 3048 p.
434 2985 475 3036 18.
491 2975 612 3031 Subiicio
631 2974 708 3044 Virg.
728 2974 793 3028 Aen.
812 2971 844 3037 V,
862 2975 930 3030 269:

419 3075 423 3082 ·
458 3063 580 3114 Puniceis
599 3060 674 3112 idnot
693 3060 788 3110 οοὶοοΐί
805 3061 1049 3124 temperamentis.
1162 3126 1164 3134 Ι

390 3146 436 3197 utri
455 3146 581 3200 Seruius:
605 3143 710 3209 „Vittis
728 3145 831 3208 roseis3
852 3148 878 3196 et
897 3144 1032 3214 siguificat
1052 3142 1288 3196 lemniscatas
1309 3155 1414 3194 eoro-

392 3242 469 3292 nas,
488 3243 558 3298 quae
572 3233 633 3282 sunt
650 3226 683 3280 de
701 3227 843 3281 frondibus
861 3233 887 3281 et
904 3226 1085 3282 discoloribus
1100 3225 1193 3279 inseiis
1206 3230 1232 3277 et
1248 3225 1414 3281 sioutVarro

389 3310 454 3364 dicit
474 3313 565 3380 magni
581 3309 693 3362 honoris
711 3315 781 3362 sunt.
792 3314 809 3336 ‘⁸
828 3309 905 3363 Anat.
923 3310 967 3367 Bu.
981 3310 1028 3374 ΙΙΙ,
1049 3315 1107 3366 156.
1124 3308 1172 3378 Ep.
1190 3314 1239 3367 26:
1328 3315 1332 3322 '

458 3393 557 3463 Πογμῇ
574 3389 726 3458 νικήσαντα
742 3391 791 3444 τὸν
805 3391 975 3448 Ἀντικλέους
991 3392 1172 3462 Μονέιαρμον

490 3475 709 3543 λημνίσκοις
724 3473 859 3541 μαλακοῖς
874 3472 1049 3544 ἐστεφάνωσα
1067 3475 1141 3533 δέκα.

389 3565 488 3618 Auson.
506 3559 590 3632 Epist.
608 3567 657 3625 20,
678 3563 710 3617 5:

458 3652 493 3702 tlt
513 3663 580 3717 poue
598 3647 749 3698 iamdudum
768 3646 816 3698 ctos·
831 3647 922 3713 pulmo
937 3649 1043 3711 poetico
1057 3651 1150 3716 pollet,

494 3733 633 3786 [lemnisco
650 3738 747 3784 ornato
766 3739 821 3794 est,
840 3747 890 3799 pon
909 3727 968 3782 roco
982 3735 1073 3798 polono
1091 3742 1172 3788 caret.

392 3818 447 3873 (iic.
466 3834 492 3886 p.
510 3816 588 3870 Rose.
608 3815 721 3876 Ainos.
737 3823 803 3874 10οι
819 3819 935 3884 patmum
953 3818 1200 3872 lemniscatam.
1219 3819 1415 3886 Ltuxxxttt,

391 3909 440 3958 33:
469 3919 583 3954 corones
603 3903 863 3972 lemrtiseosqtte
885 3905 1045 3958 luctandum.
1087 3902 1117 3956 In
1138 3904 1245 3961 decreto
1268 3905 1415 3962 Berenices

392 3987 582 4042 urbisAirioae
602 3991 642 4037 est
660 3987 792 4054 στέφανος
809 3987 915 4045 c'let'vds
931 3993 978 4042 sel
998 3985 1210 4054 inpotenter,
1231 3992 1342 4044 maioris
1362 3991 1413 4044 Ιιο-

391 4075 467 4128 ncris
485 4086 582 4127 cauma
601 4071 723 4137 additus,
748 4085 791 4142 op.
813 4071 940 4128 Melicum
958 4073 1045 4142 Autiq.
1070 4071 1165 4129 Gallio.
1189 4093 1215 4146 p.
1236 4087 1261 4134 7.
1297 4076 1414 4131 Tertull-

392 4157 425 4210 de
442 4172 498 4214 cor.
519 4160 571 4213 mil.
591 4172 612 4214 o.
631 4164 678 4212 tr:
712 4161 850 4226 Trirmrpltr'
868 4162 963 4212 larteso
988 4162 1063 4226 foliis
1087 4163 1218 4225 struitur,
1243 4163 1414 4216 licentiosis

313 4289 315 4293 .
401 4240 752 4297 temotsctstooroetor.

322 4335 370 4404 17)
386 4336 501 4394 tllraricl.
519 4343 540 4407 l,
560 4347 617 4400 165.
637 4348 696 4400 182.
716 4341 757 4396 ed.
771 4349 803 4396 2:
825 4342 1023 4414 „buntiarlrige
1040 4343 1156 4410 Binder,
1178 4344 1328 4411 Trinium,
1346 4346 1412 4400 wel-

389 4418 438 4476 olte
457 4437 498 4476 am
517 4425 622 4481 lirense
641 4427 769 4496 betestigt
786 4441 884 4482 waren.
899 4430 915 4454 “
985 4469 992 4480 .
