3072 5180
1218 341 1262 410 67

135 537 205 600 Nun
226 534 320 599 solum
344 533 384 596 ad
405 531 596 614 splendorem
620 532 709 612 entis,
734 531 789 596 sed
812 532 901 596 etiam
923 534 960 595 ad
977 531 1149 616 perfectam
1162 539 1259 600 omni-

137 641 253 720 busque
280 638 413 699 numeris
445 638 584 697 exactam
611 633 733 714 puellae
762 632 1009 714 pulchritudinem
1032 639 1260 716 significandam

135 729 293 822 pertinent
310 739 409 800 verba
432 738 551 800 Pario
576 751 760 796 marmore
790 737 945 816 purius,
972 754 1014 798 ex
1035 739 1154 804 Graeco
1176 743 1261 805 fonto

135 843 288 906 derivata.
333 839 452 902 Statuis
472 839 548 900 enirn
574 836 698 897 iornrosi
722 837 935 918 formosaeque
956 838 994 900 ab
1012 839 1072 900 illis
1093 844 1261 923 counparari

135 945 250 1006 solent.
300 941 402 1021 llurip.
428 941 504 1003 llec.
535 936 618 1001 560:
653 935 791 1018 μαστούς
826 935 962 1013 τ’ἒδαξε
989 938 1103 1022 στέρνα
1133 943 1192 1019 θ’,
1213 940 1261 1017 ὠς

137 1041 375 1126 ἀγάλματος,
391 1037 547 1104 Κάλλιστα
569 1045 632 1102 κτλ.
654 1038 703 1100 Ad
717 1043 850 1102 nostrum
871 1039 970 1102 locum
992 1043 1107 1104 faciunt
1128 1044 1262 1126 inprimis

138 1145 223 1208 Pind.
245 1144 283 1203 N.
303 1142 357 1223 lv,
379 1142 432 1208 81.
456 1144 510 1204 B.:
530 1139 647 1205 στάλαν
672 1143 771 1220 θέμεν
793 1144 956 1223 Παρίου
981 1148 1103 1208 λίθου
1126 1151 1260 1210 λευκο-

138 1247 272 1328 τέραν,
298 1245 346 1305 ubi
369 1248 463 1324 poeta
484 1244 603 1306 laudem
627 1243 700 1305 dicit
723 1242 870 1304 illustrem
894 1248 987 1327 atque
1008 1247 1160 1324 exactam,
1184 1265 1261 1328 quae

136 1349 227 1409 latius
242 1345 403 1427 splendeat
419 1365 564 1410 marmore
580 1347 669 1407 etiam
683 1345 902 1426 candidissimo,
920 1347 1201 1428 coll.Tbeucr.!Vl,
1209 1346 1262 1411 38.

138 1435 294 1528 Posidipp.
310 1447 445 1529 bpvll,
467 1447 497 1510 3.
519 1450 547 1528 lp
568 1445 659 1508 Antb.
683 1446 735 1508 Gr.
757 1446 797 1527 11,
819 1448 873 1510 47.
897 1450 967 1512 Bm:
989 1446 1043 1526 τήν
1065 1444 1184 1526 cinctis
1204 1451 1261 1516 Εἰ·

139 1546 242 1630 ρῆυιου
263 1543 345 1614 εἶδον
366 1585 426 1630 -,
453 1545 537 1633 ἱερὸν
553 1545 692 1627 dulice,
715 1541 783 1613 οἷα
804 1573 844 1612 τε
865 1548 1047 1632 nirdam)
1070 1549 1261 1633 Pyunuu'v

137 1658 199 1715 κτλ.
220 1650 533 1732 Philud.lip.xvlll,
551 1650 580 1715 3.
603 1653 644 1715 ib.
660 1649 699 1728 ll,
722 1649 781 1714 87:
802 1647 839 1714 τά
860 1648 985 1732 λῦγὸινα
1010 1651 1103 1717 κιόντα
1124 1657 1261 1733 μαστῶν.

134 1754 234 1816 Rulin.
250 1754 309 1834 llp.
324 1751 475 1832 XXXVI,
494 1751 524 1816 3.
546 1752 586 1813 ib.
600 1749 639 1828 ll,
654 1749 735 1812 398:
758 1748 840 1831 δειρή
855 1755 1006 1832 λυγδτυέη,
1031 1758 1063 1814 et
1078 1754 1261 1816 Anacreont.

136 1855 284 1932 XXVIII,
294 1853 353 1914 27:
373 1849 513 1932 λύγδινος
528 1848 689 1930 τράχηλος.
733 1851 839 1910 Laev
848 1851 883 1909 is
904 1855 1046 1912 cervix
1069 1873 1120 1932 ap.
1133 1855 1265 1933 Propero

134 1957 191 2036 111,
211 1954 261 2030 15,
272 1951 336 2032 31.
360 1968 613 2013 marmoreum
640 1949 782 2010 collum
806 1969 854 2028 ap.
869 1949 961 2010 Ouid.
985 1951 1165 2031 u.1v,135.
1187 1954 1263 2017 Vide

137 2055 273 2118 Dorvill.
297 2054 335 2114 ad
359 2051 477 2116 Charit.
500 2070 531 2131 p.
559 2049 610 2114 12.
633 2068 699 2133 seq.
723 2053 755 2113 et
777 2051 932 2114 Jacobs.
954 2053 992 2114 ad
1009 2052 1103 2116 Antb.
1134 2055 1173 2116 Τ.
1182 2051 1264 2137 Vlll,

139 2156 213 2221 139.
232 2155 273 2218 Χ.
296 2151 367 2217 178.

241 2278 273 2320 v.
295 2255 326 2317 7.
369 2265 465 2339 gratu
481 2252 686 2338 protervitas]
709 2254 874 2344 ,ἐπίχαρις
905 2260 1039 2338 λαμυρία
1069 2256 1264 2339 Graecorum,

139 2382 171 2424 v.
194 2359 326 2423 Lobeclc
348 2357 463 2436 Pbryn.
493 2377 525 2436 p.
549 2355 622 2418 271.
645 2353 720 2418 760.

241 2482 274 2522 u.
296 2459 326 2524 9.
371 2461 419 2520 Et
437 2462 538 2536 uoltus
561 2461 691 2520 nimium
714 2460 850 2522 lubricus
871 2458 1005 2544 adoptet]
1034 2461 1141 2524 Possis
1170 2462 1262 2541 cugi-

137 2569 204 2628 tare
228 2563 373 2624 uoltum
396 2561 588 2622 lubricum
611 2560 789 2641 simpliciter
812 2562 849 2623 de
876 2564 1005 2642 „mobili
1026 2564 1179 2626 oculorum
1202 2582 1263 2643 pe-

136 2663 295 2729 tulantia“
320 2663 365 2744 (u.
386 2664 510 2724 Patron.
537 2659 610 2724 126.
638 2661 687 2723 cll.
712 2660 779 2726 Cic.
803 2662 841 2724 de
860 2664 898 2724 N.
924 2666 963 2727 ll.
985 2663 1026 2744 11,
1050 2663 1122 2746 57.)
1146 2664 1262 2728 intelll-

137 2768 269 2847 gendum
293 2784 375 2842 esse,
390 2766 431 2826 ut
454 2765 510 2824 iarn
526 2764 677 2823 Humerus
692 2763 728 2826 ll.
738 2763 792 2844 lll,
808 2761 882 2832 397.
904 2766 1017 2828 Veneri
1038 2767 1141 2829 tribuit
1155 2762 1262 2848 ὄμμα-

136 2894 176 2933 τα
195 2871 432 2950 μαρμαίροντα,
464 2865 593 2943 ipsaque
624 2863 682 2924 dea
711 2882 776 2926 eam
806 2868 845 2927 ub
869 2885 1004 2929 caussam
1026 2867 1264 2951 ὲλτκομλέφαρος
1373 2887 1379 2892 ·

140 2970 224 3030 audit
245 2967 337 3048 (Hes.
362 2964 421 3024 Tb.
446 2960 495 3025 18.
524 2961 615 3040 llynr.
638 2963 729 3025 Hom.
751 2965 797 3045 V,
833 2964 916 3049 ltu),
949 2971 986 3052 et·
1007 2968 1212 3050 Asclepiades
1235 2971 1264 3030 iu

141 3067 237 3130 Auth.
269 3066 324 3128 Gr.
353 3065 410 3145 lap.
443 3061 522 3141 XV,
550 3064 582 3126 4.
604 3064 634 3143 l,
666 3087 697 3146 p.
727 3066 801 3130 214.
835 3069 886 3130 Br.
915 3074 1062 3153 γλυκεροῦ
1087 3075 1265 3154 βλέμματος

142 3160 321 3251 ἀστεροπὰς
342 3165 485 3246 inultique
509 3164 559 3226 alii
585 3167 677 3229 multa
705 3169 841 3232 similiter
873 3174 1085 3252 praedicarunt
1112 3175 1150 3236 de
1177 3172 1265 3236 voltu

140 3271 195 3332 vel
219 3268 320 3330 mobili
350 3265 403 3328 uel
426 3263 522 3344 molli,
550 3268 610 3328 vid.
640 3271 859 3336 lllitscberlicb.
910 3275 974 3337 Sed
1005 3275 1101 3339 altera
1117 3274 1168 3337 'ct'
1185 3291 1264 3356 pru-

62 3387 70 3398 ·
138 3374 205 3453 pria
233 3370 285 3430 illa
310 3369 397 3430 verbi
425 3368 602 3431 lubricus
633 3374 800 3454 explicatio
831 3376 899 3438 mibi
925 3383 1009 3440 certe
1041 3377 1135 3455 lunge
1167 3393 1263 3458 prae·

139 3478 222 3536 stare
245 3473 366 3537 uidetur
396 3474 428 3533 et
455 3475 583 3551 propter
605 3474 752 3538 adiectum
777 3497 809 3538 v.
837 3479 1010 3559 adspici‚
1040 3479 1120 3560 quod
1149 3479 1264 3539 minime

140 3578 268 3636 otiosum
290 3578 355 3652 est,
384 3576 415 3633 et
443 3572 524 3653 quod
545 3579 645 3656 magis
668 3583 810 3643 convenit
830 3598 902 3648 cum
927 3578 1054 3640 Graecis
1077 3578 1264 3659 exemplari-

138 3679 213 3739 bus:
238 3677 379 3754 „Suavis
402 3679 433 3736 et
454 3675 588 3737 lubricus
613 3680 766 3740 oculorum
788 3684 904 3740 tuncrum
927 3678 1081 3758 splendor,
1102 3698 1120 3739 u
1143 3679 1262 3760 Glyce-

138 3799 183 3858 ra,
206 3777 310 3856 elficit,
333 3779 364 3837 ut
387 3777 486 3857 quivis
510 3777 682 3858 adspiciens
708 3781 736 3854 in
758 3779 810 3842 illu
826 3780 913 3860 quasi
935 3776 1094 3867 ὀλισθηρῷ
1115 3781 1196 3864 cipp
1215 3781 1266 3842 la·

138 3883 239 3944 batur.
249 3880 270 3917 “
294 3879 411 3942 Etenim
433 3877 537 3939 oculus
559 3881 682 3969 eroticis
705 3882 904 3963 scriptoribus
927 3884 975 3942 est
991 3884 1079 3944 etium
1094 3885 1178 3963 via,
1205 3901 1264 3963 qua

140 3968 303 4063 amor'per
334 3979 525 4042 diffusam
552 3979 621 4042 inde
646 3988 899 4047 venustatem
924 3985 951 4044 in
977 3985 1117 4048 amatoris
1141 3985 1265 4048 animum

138 4084 257 4147 inuadit
280 4087 312 4148 et
334 4085 416 4146 iecur
444 4087 584 4166 occupat.
631 4082 844 4150 commentarii
872 4087 968 4147 instar
999 4089 1068 4146 suut
1095 4085 1125 4142 bi
1154 4097 1265 4142 uersus

140 4228 344 4240 ..ψ-ώ-α-ιι

194 4309 223 4376 1)
242 4307 330 4363 Schul.
354 4310 461 4365 Pindar.
481 4309 553 4367 Nem.
573 4311 596 4366 δ’
620 4321 693 4375 129.:
737 4313 840 4382 Πάριος
866 4308 893 4363 δὲ
916 4309 994 4366 item
1013 4310 1084 4364 ἐστὶν
1102 4307 1116 4362 ὁ
1133 4304 1266 4370 καλούμε-

244 4393 482 4464 mnltpdtvon
