3046 5224
1077 409 1099 478 Ι·
1200 399 1265 452 rur

1078 501 1096 534 0

229 579 262 640 ln
285 579 486 660 Epistolis
509 560 655 660 denique,
682 580 789 662 quihus
809 579 890 642 nulia
911 579 1097 660 perfectiora
1119 579 1171 640 aut
1192 596 1257 638 nra·
1369 640 1373 648 ,

126 683 238 744 turiora
258 682 373 760 ingenii
396 683 585 743 monumenta
607 679 671 742 lieri
687 684 831 761 possunt,
856 685 889 745 ut
909 681 1053 762 plurimas
1068 677 1252 741 Graecorum

118 784 225 846 literas
254 801 290 846 ac
319 783 470 846 doctrinas
499 783 589 862 plane
618 783 648 842 in
676 800 796 844 succum
819 787 852 846 et
881 784 1058 862 sanguinem
1087 796 1255 842 conuersas

119 885 315 965 admiramur,
351 887 395 948 ita
428 903 583 968 perpauca
613 885 787 946 imitationis
817 887 957 964 vestigia
991 881 1252 964 deprehendimus.

118 987 207 1071 Quae
234 987 368 1068 quoniam
390 989 552 1050 eorundem
574 989 640 1049 iore
661 991 815 1049 auctorum
841 991 965 1065 essent,
995 986 1044 1068 qui
1067 983 1251 1064 supradicti

120 1092 192 1150 sunt
213 1099 338 1170 practer
362 1089 508 1171 Lyricos,
536 1091 603 1154 cuni
630 1087 839 1169 superioribus
860 1087 974 1169 passim
999 1085 1151 1149 coniunxi.
1195 1083 1252 1146 llis

119 1201 207 1253 unum
228 1191 397 1253 alterumve
419 1192 598 1271 scriptorem
622 1192 673 1254 vel
696 1188 906 1272 philosophiae
924 1187 977 1250 rel
996 1185 1175 1260 didacticum
1198 1185 1251 1247 vel

119 1293 346 1372 grammaticum
355 1291 592 1356 Alexandrinum
614 1293 809 1355 adiiciendum
831 1308 901 1353 esse
921 1289 1012 1353 facile
1032 1288 1175 1352 concedo.
1215 1285 1249 1348 ln

118 1396 199 1458 Arte
227 1393 346 1474 quidem
369 1395 493 1456 Poetiea
519 1413 585 1456 cum
612 1397 787 1476 praeceptis
809 1393 982 1456 Horatianis
1009 1394 1059 1454 sat
1084 1390 1170 1454 multi
1190 1388 1251 1451 loci

121 1516 163 1559 ex
186 1495 432 1558 Aristotelis
455 1496 531 1560 lihro
563 1503 634 1579 περὶ
656 1499 813 1574 ποιητικῆς
843 1501 875 1559 et
901 1513 942 1557 ex
966 1493 1098 1556 eiusdem
1127 1489 1247 1558 Rheto-

122 1716 326 1728 -Ι-σ-ο-ι-ι--ι-ο-

225 1869 369 1922 Berenices
389 1882 492 1920 uersum
519 1867 551 1920 de
577 1883 656 1920 versu
683 1872 786 1922 Latinis
810 1871 927 1920 munieris
949 1861 1110 1924 reddidisse,
1137 1863 1250 1928 itemque

227 1950 388 2005 Ovidium
413 1965 511 2018 magna
536 1965 568 2002 ex
594 1955 670 2017 parte
696 1951 814 2004 eiusdem
833 1949 934 2002 ibidem
954 1953 982 1998 ut
1000 1946 1081 1997 multa
1099 1944 1169 2006 alia,
1196 1943 1250 1994 alia

226 2035 308 2086 etiam
328 2030 570 2100 Propertium,
598 2037 738 2104 utrumque
760 2039 850 2086 tamen
872 2047 925 2084 non
950 2031 1007 2082 sine
1031 2041 1131 2096 magna
1147 2031 1206 2078 arte
1224 2031 1251 2080 et

229 2116 347 2180 delectu,
377 2118 481 2169 latinis
508 2117 564 2168 suis
591 2117 713 2170 versibus
737 2120 904 2185 expressisse
932 2113 1000 2182 (vid.
1026 2111 1194 2167 Valcken.
1221 2115 1249 2166 in

229 2201 356 2268 „Gallim
381 2198 534 2270 Elegiarum
558 2201 654 2270 fragm.
680 2219 736 2256 cum
758 2200 854 2272 Elegia
874 2199 971 2254 Catulli
996 2195 1197 2250 Callimachea“
1222 2212 1248 2264 p.

228 2291 304 2350 282,
331 2283 477 2337 Merkel.
497 2282 586 2338 Praei.
605 2288 632 2338 in
652 2285 728 2342 ovid.
750 2285 823 2342 Fast.
842 2289 914 2340 etin
931 2283 1015 2338 eiusd.
1044 2281 1127 2336 Trist.
1152 2287 1179 2335 et
1197 2279 1246 2345 ΙΙ),

227 2367 362 2423 llertzb.
385 2374 410 2422 in
438 2367 547 2428 Quaest.
567 2366 647 2438 Prop.
672 2375 770 2440 p.189
794 2371 882 2441 sqq.);
908 2367 1086 2422 Horatium
1106 2381 1188 2432 vero,
1220 2373 1247 2420 ot

224 2450 375 2523 aequalium
403 2458 540 2520 poetarum
568 2461 595 2507 et
620 2455 836 2523 elegantissimus
862 2459 921 2508 orat
946 2459 972 2506 et
989 2468 1038 2505 suo
1057 2455 1115 2522 ipse
1136 2453 1246 2521 ingenio

225 2539 365 2607 plurimum
383 2537 506 2601 ualebat,
533 2553 670 2607 perpauca
694 2544 818 2610 suspicor
846 2556 879 2594 ex
903 2537 1089 2592 Callimacheis
1113 2537 1148 2590 ad
1171 2553 1246 2590 suurn

225 2640 299 2677 usum
323 2623 487 2676 convertisse
510 2626 591 2692 atque
615 2626 642 2676 in
669 2623 711 2678 his
734 2627 800 2696 ipsis
825 2623 961 2679 imitandis
980 2639 1029 2676 suo
1047 2637 1153 2691 semper
1172 2635 1246 2674 usum

223 2708 332 2762 iudicio.
366 2703 560 2760 Valckenarius
578 2709 682 2778 quidem
702 2710 768 2764 haec
785 2709 911 2764 eontulit:

225 2793 302 2846 llor.
313 2791 369 2846 Sat.
382 2789 474 2856 Ι,2,8;
493 2819 527 2830 -
544 2793 589 2843 avi
608 2807 655 2844 cur
671 2798 751 2863 atquo
770 2795 889 2862 parentis

541 2872 709 2929 Praeclaram
728 2879 875 2948 ingrata
894 2877 1012 2943 stringat
1028 2874 1112 2926 malus
1129 2871 1247 2940 inglu-

760 2965 813 3016 vie
835 2975 898 3014 rom.
918 2959 951 3012 cl.
967 2956 1051 3028 Epist.
1071 2955 1107 3021 ΙΙ,
1126 2962 1213 3020 1,187.

228 3040 512 3097 detrimentove
530 3038 643 3096 ”Aaron
672 3040 752 3098 πάντ’
780 3045 905 3115 tytoom
934 3040 1105 3110 παραχρῆμ’·
1136 3035 1201 3094 ὅσσα
1225 3037 1265 3104 τ’,

1019 3125 1138 3182 ὀδόντων

566 3206 700 3270 Ἔνδοθι.
717 3217 881 3282 νειαίρην
897 3206 934 3268 ee’s
951 3207 1146 3280 ἀχάριστον
1166 3210 1219 3266 lde.

226 3363 303 3416 llor.
323 3361 383 3426 tii,
401 3365 443 3428 36,
461 3365 509 3418 rt:
537 3363 594 3418 Neu
621 3365 789 3420 —Bassum
817 3367 986 3421 Threicia
1014 3369 1133 3420 vineat
1158 3381 1248 3435 amp-

1082 3455 1087 3466 '
1123 3467 1146 3504 e.

227 3529 514 3587 detrimeneta
536 3533 591 3586 Καὶ
612 3533 664 3603 yolp
690 3533 704 3586 d
728 3538 901 3604 Oppialqv
929 3537 981 3602 μὲν
1006 3451 1125 3601 dessildgo
1151 3530 1250 3601 parido

990 3636 1146 3684 αμυστιν

570 3701 761 3767 Ζωροποτεῖν·
778 3700 857 3774 dlipqr
876 3700 899 3756 δ’
916 3698 994 3770 ἥδετο
1013 3699 1148 3768 araonplc‘qr·

229 3869 331 3930 Quibus
356 3868 423 3922 adde
449 3869 512 3926 llor.
533 3869 560 3933 Ι,
579 3877 610 3932 3,
634 3879 646 3924 1
666 3887 725 3940 sqq.
752 3873 793 3925 cll.
811 3872 878 3928 Call.
904 3873 936 3926 lr.
956 3873 1005 3928 114
1022 3871 1061 3926 Bl.
1083 3871 1145 3925 llor.
1165 3869 1249 3941 Epist.

227 3953 256 4018 l,
275 3961 308 4020 3,
340 3960 371 4009 10
388 3969 429 4024 sq.
448 3955 490 4007 eli.
509 3953 577 4007 Call.
595 3967 635 4022 ep.
654 3953 680 4018 Ι,
701 3958 737 4021 4.,
759 3962 785 4010 et
805 3971 873 4027 quae
890 3970 973 4026 supra
993 3959 1019 4009 in
1035 3963 1089 4010 not.
1108 3960 1148 4012 15.
1167 3955 1250 4010 eollo-

226 4041 270 4091 ota
289 4044 358 4091 sunt.
393 4033 433 4088 Ex
458 4035 653 4105 Apollonio
673 4038 737 4110 Arg.
759 4040 788 4104 1,
818 4049 861 4104 22,
885 4041 957 4094 inira
975 4043 1150 4096 contulieuur
1171 4039 1200 4092 C.
1222 4039 1250 4103 l,

226 4121 276 4184 24,
295 4129 312 4175 2
330 4136 381 4190 sq,
401 4135 433 4173 ex
452 4117 648 4175 Theocrito
675 4123 715 4178 ld.
732 4125 827 4190 xxii,
855 4131 887 4184 19
904 4141 963 4197 sqq.
984 4141 1041 4178 cum
1060 4124 1088 4178 C.
1110 4123 1137 4188 Ι,
1159 4131 1198 4178 12.
1218 4131 1252 4180 30

227 4221 286 4275 sqq.
307 4211 333 4258 et
359 4218 417 4257 corn
442 4203 470 4257 (l.
488 4203 541 4270 IV,
568 4211 600 4271 8,
620 4214 654 4264 32
670 4223 709 4279 sq.
729 4211 800 4275 alia,
821 4225 853 4264 ex
870 4209 983 4262 Bione
1001 4209 1040 4260 ld.
1060 4207 1123 4270 vti,
1146 4212 1179 4264 15
1193 4225 1250 4282 sqq.

227 4305 284 4342 cum
305 4285 334 4342 G.
352 4286 379 4352 Ι,
399 4293 426 4351 8,
449 4295 481 4346 13
501 4306 576 4361 sqq,
595 4307 627 4345 eu
645 4291 789 4348 Moscho
811 4291 848 4348 ld.
868 4291 919 4356 Vi,
939 4296 997 4347 init.
1017 4309 1073 4346 eum
1101 4293 1128 4348 c.
1149 4291 1177 4358 i,
1201 4302 1250 4359 33,

227 4377 244 4430 5
271 4388 341 4442 sqq.‚
366 4387 398 4425 ex
422 4373 604 4430 Archelao
633 4376 665 4430 ir.
692 4380 718 4430 in
742 4375 820 4433 Anth.
847 4375 874 4430 P.
897 4375 939 4441 ΙΙ,
963 4394 987 4446 p.
1013 4383 1064 4436 citt
1094 4395 1149 4432 eum
1176 4379 1204 4433 ll.
1225 4378 1252 4444 l,

231 4463 278 4520 12,
295 4460 329 4512 57
347 4471 388 4526 sq.
