3046 5224
1251 344 1290 408 ll

158 519 256 580 Brust
277 520 432 595 getragen
456 516 570 598 plebeo,
593 516 647 578 ‹ler
671 522 774 581 uuerst
797 521 851 583 das
874 519 1089 599 gelereolrlielre
1112 527 1201 592 l'loss
1222 531 1289 592 iem

157 637 298 698 grausen
324 619 412 682 llleer
442 622 656 697 auvertraute‚
695 619 726 680 ln.
754 639 782 682 e.
813 622 912 686 demta
950 644 991 689 ex
1022 634 1108 709 parte
1139 633 1286 709 imagine:

156 724 227 784 Der
250 723 342 785 lllann
364 740 447 784 muss
469 721 555 782 einen
575 720 772 803 hermionem,
803 724 951 809 elrerneu‚
978 730 1069 811 Jecler
1095 731 1208 796 Furelrt
1228 749 1286 794 on-

127 879 130 885 .
155 824 388 904 zugoogiielen
411 822 485 885 Sina
507 822 655 886 besessen
674 822 790 903 laben,
814 826 868 889 ‹ler
891 848 918 888 ιι.
939 849 966 891 s.
992 853 1033 894 w.

265 948 296 989 v.
322 926 371 990 ln.
408 928 613 1011 praeeipitem
642 924 803 1009 Africam]
843 927 873 990 l.
902 948 928 991 e.
959 930 1092 1016 desuper
1120 936 1154 997 et
1176 949 1287 1011 magne

158 1029 276 1108 impetu
312 1028 492 1106 irruentem,
528 1027 719 1108 frequentata
749 1027 876 1092 Graeols
907 1034 1009 1113 poetis
1044 1035 1195 1114 imagine,
1228 1051 1289 1115 qua

157 1131 306 1193 ventilo
331 1129 420 1192 coelo
440 1145 530 1189 ruere
554 1161 590 1172 -
608 1123 716 1209 ἄνεμοι
739 1125 900 1214 insperate,
936 1129 1102 1217 έψιιιοταῐ,
1136 1133 1288 1216 oltempe-

157 1241 224 1304 νεῖς
258 1250 308 1313 ap.
337 1231 445 1310 Hom,
476 1229 580 1309 nme,
610 1229 716 1310 Apoll.
738 1230 815 1310 lile,
845 1234 909 1295 ml.
931 1234 1053 1299 ltlitselr.
1077 1271 1119 1280 -
1140 1237 1289 1314 dieantur,

158 1333 299 1417 idemque
339 1338 452 1396 ventus
486 1332 568 1414 apuol
599 1331 758 1395 Homerum
788 1334 822 1396 ll.
856 1334 902 1416 11,
936 1335 1010 1400 147.
1044 1338 1153 1402 dieitur
1184 1339 1291 1400 venlre

160 1433 278 1520 λάβρος
306 1435 488 1518 ἐπαιγίζων,
518 1434 598 1516 quud
626 1433 775 1515 Aeschyl.
796 1435 886 1519 sept.
911 1435 965 1502 63.
997 1440 1070 1504 liert
1100 1429 1288 1522 καταινέ-

160 1540 254 1614 ζειν.

180 1685 183 1703 .
266 1664 297 1705 ν.
331 1640 382 1705 13.
429 1641 652 1702 Decertontem
679 1638 901 1722 Aquilonibus]
938 1640 1011 1703 nat.
1052 1643 1090 1705 ael
1121 1643 1291 1726 exemplum

161 1747 273 1810 Graeci
297 1745 384 1808 verli
412 1737 594 1823 μάχεσθαι,
625 1740 689 1802 vid.
712 1741 797 1806 lixo·
813 1740 868 1820 1v,
891 1741 922 1804 2.
948 1775 985 1788 -
1013 1743 1061 1806 lle
1080 1765 1114 1810 re
1132 1749 1190 1812 eir·
1213 1746 1249 1811 0.
1267 1746 1291 1827 l,

161 1848 201 1927 9,
226 1847 276 1910 ll.
1064 1855 1069 1864 “

117 1934 129 1954 ⁸
267 1969 299 2008 ν.
323 1943 374 2009 16.
419 1949 524 2008 tollere
550 1967 606 2009 eeu
631 1967 752 2028 ponere
777 1949 840 2010 ooli
864 1948 967 2035 frete]
999 1952 1084 2015 Haeo
1112 1969 1231 2036 quoque
1251 1969 1293 2014 ex

165 2052 330 2113 Homero
352 2051 504 2110 mutuatus
521 2051 597 2129 est„
630 2050 678 2130 qui
700 2048 738 2110 tle
761 2046 861 2112 Aeolo
884 2050 906 2112 l.
928 2051 951 2112 l.
974 2053 1017 2116 lta
1042 2055 1149 2135 pergit
1171 2053 1293 2117 dleere:

200 2159 208 2168 “
333 2147 433 2230 Ἠμὲν
454 2151 623 2230 παυέμεναι
641 2146 690 2226 ἠδ’
707 2146 838 2232 ὀρνύμεν
860 2151 896 2217 ὅν
915 2153 1088 2246 κέθέλῃσιν.

164 2254 362 2335 llxpressius,
388 2259 421 2317 ut
442 2253 571 2334 ossolet,
595 2251 794 2330 Virgilius
816 2253 855 2316 A.
878 2253 903 2336 l,
925 2253 986 2320 65:

208 2357 333 2436 Aeolo,¹
351 2374 477 2438 namque
502 2355 556 2418 tini
580 2355 681 2415 divom
703 2357 791 2434 pater
811 2359 903 2438 atque
924 2356 1070 2421 hominum
1091 2376 1149 2421 rex

212 2461 251 2522 Et
272 2462 402 2524 mulcere
428 2459 512 2520 dedit
532 2457 641 2534 fluetus
664 2462 697 2519 et
718 2456 828 2518 tollere
852 2461 955 2522 vento.
1041 2525 1045 2534 ,

83 2563 86 2570 ’
164 2563 277 2622 Ponit
299 2565 397 2624 autem
427 2561 527 2623 Notos
561 2561 660 2636 ireta,
698 2557 767 2638 quia
795 2561 899 2639 venti,
933 2564 1005 2644 post
1027 2562 1128 2624 flatum
1159 2558 1292 2621 vicissim

162 2665 272 2726 leniter
306 2665 497 2746 aspirantes,
535 2660 702 2725 aGraeois
722 2677 803 2722 mare
825 2663 1010 2744 tempestate
1033 2662 1212 2725 eoueitatum
1233 2675 1289 2719 se·
1396 2683 1424 2712 ·.

163 2767 234 2828 lare
257 2767 405 2830 dicuntur.
452 2764 542 2828 Siout
571 2764 648 2825 enlm
677 2781 799 2825 somnus
834 2783 964 2846 eorpora
1001 2766 1187 2828 animantium
1215 2779 1291 2825 eon-

164 2871 303 2950 stringit,
340 2867 505 2932 constricta
534 2865 630 2929 solvit
650 2864 763 2948 (ianoe
792 2863 928 2945 ἀνέηκε),
958 2868 1003 2928 sle
1020 2869 1124 2928 rento
1154 2864 1293 2925 tribuitur

173 2963 207 3030 τὸ
236 2966 361 3050 deviam
381 2975 435 3035 aui
463 2964 498 3034 τέ
519 2965 645 3048 παύειν,
676 2963 712 3033 τέ
734 2965 931 3032 ἀναστέλλειν
951 2971 1006 3032 καὶ
1030 2963 1066 3030 τὸ
1093 2963 1290 3030 ὑποστέλλειν

168 3067 203 3134 to*
226 3069 363 3153 ἐπαίρειν
389 3078 443 3137 καὶ
469 3066 503 3135 τέ
535 3069 671 3153 ὑφιέναι,
699 3072 768 3153 quia
788 3071 885 3134 undae
906 3071 959 3135 vel
980 3071 1071 3150 velo,
1099 3070 1156 3132 uisi
1178 3072 1291 3130 venius

168 3179 267 3255 esset,
295 3193 353 3238 non
380 3174 606 3240 intenderentur
628 3177 762 3238 omnino:
800 3175 842 3238 ita
872 3179 905 3237 ot
935 3175 1007 3238 illud
1031 3189 1181 3256 ponere
1211 3170 1242 3231 lr.
1270 3170 1292 3231 Ι.

165 3278 326 3340 seiunctum
351 3299 368 3341 a
390 3279 609 3342 continentibus
631 3278 773 3340 absonum
796 3279 888 3342 ieret.
930 3278 1029 3362 Quare
1049 3277 1192 3339 Horatius
1216 3290 1292 3354 pru·
1376 3339 1383 3352 ¹

167 3379 245 3441 denti
283 3380 411 3442 oonsilio
443 3381 566 3444 Homeri
601 3381 639 3443 de
673 3380 775 3444 Aeolo
809 3398 931 3444 versum
971 3382 1095 3443 inverso
1126 3377 1229 3439 ordine
1255 3373 1294 3435 ad

166 3483 261 3560 ipsum
284 3485 415 3546 ,ventum
436 3483 599 3546 transtulit.
639 3482 708 3545 vio.
736 3483 861 3546 Loleelr
883 3483 919 3545 ad
943 3481 1040 3564 Soplr.
1064 3478 1116 3542 Al.
1136 3473 1212 3540 674.
1235 3475 1293 3538 nu.

168 3582 220 3644 alt.
242 3584 275 3645 et
296 3583 352 3645 eir.
375 3583 466 3662 Virg.
489 3584 555 3648 llol.
579 3586 622 3664 ll,
646 3581 699 3648 26.
722 3584 802 3646 Aen.
817 3582 871 3664 IV,
886 3583 918 3646 5.

268 3702 300 3743 ν.
327 3684 376 3747 17.
418 3687 517 3764 Quem
539 3690 646 3748 mortio
667 3688 770 3748 monuit
787 3682 938 3769 gradum]
960 3684 1107 3748 Mortis
1129 3679 1294 3760 gradus,

169 3785 194 3845 si
214 3784 332 3848 ‹lieendi
353 3805 452 3865 genus
474 3792 648 3871 spectatur,
670 3787 838 3869 eomparari
860 3789 965 3868 potest
987 3803 1051 3849 eum
1073 3785 1165 3848 solite
1189 3780 1291 3844 Grae-

169 3905 266 3950 eorum
297 3889 427 3952 dictione
453 3893 539 3965 τέλος
565 3887 751 3956 θανάτοισι
774 3891 821 3952 sin
843 3892 912 3970 ipse
939 3891 1091 3954 sententia
1119 3883 1292 3964 respieitur‚

169 3990 265 4052 nullus
288 3996 425 4057 mortis
445 3995 597 4073 gradus
624 3988 749 4077 (Stuie)
776 3993 901 4074 proprie
923 3992 1033 4055 dietum
1057 3991 1135 4051 ilem
1157 3987 1223 4047 iere
1245 3987 1294 4045 est

171 4093 248 4173 quod
273 4111 311 4154 ne
333 4095 491 4175 fastigium
520 4097 638 4181 quidem
658 4098 780 4177 mortis,
801 4099 834 4160 ut
855 4096 895 4157 sit
916 4111 1096 4176 „nunquam
1118 4086 1293 4150 inanimum

170 4195 283 4258 inluxit
302 4195 355 4259 ille
377 4202 500 4263 mortem
521 4202 574 4264 vel
596 4202 811 4265 atrocissimam
832 4213 975 4259 recusare
984 4194 1017 4254 “.
1061 4192 1137 4256 Nam
1158 4189 1293 4273 reliquae

172 4301 278 4362 mortes
305 4299 407 4382 aliquo
440 4301 529 4365 modo
552 4323 616 4367 oum
639 4309 778 4368 veterum
800 4298 944 4364 institutis
966 4297 1105 4378 componi
1134 4292 1292 4376 poterant,

172 4419 245 4483 mors
275 4404 375 4465 autem
407 4405 436 4465 in
468 4405 554 4468 undis
575 4405 670 4484 longe
691 4405 857 4468 miserrima
879 4399 1043 4482 putabatur
1071 4399 1127 4460 iam
1156 4393 1225 4457 inde
1256 4390 1294 4451 ab
