3046 5224
136 339 178 388 ’-
229 365 275 410 xri

231 531 402 612 chartarum
410 533 431 572 “
458 533 601 598 auctores
630 529 823 616 inprimisque
853 549 982 593 summus
1006 525 1123 610 dialogi
1147 537 1180 596 et
1201 533 1358 618 εἰρωνείας

230 624 378 714 magister
388 631 562 718 rtatoss)
583 638 616 697 ot
637 633 798 698 iamborum
819 634 959 696 inventor
976 631 1303 717 Archilochus14]
1324 639 1357 698 et

235 836 439 848 *-

333 965 387 1023 qua
410 951 457 1024 ille
484 952 576 1005 tabula
600 950 713 1020 palmam
741 952 877 1020 eripuerat
901 949 1089 1020 Aristophanis
1108 949 1229 1006 Nubibus
1253 980 1288 993 -·
1312 967 1355 1022 ap.

329 1033 443 1090 Runkel.
461 1042 541 1104 p.81:
563 1033 642 1091 Olbos
660 1031 763 1108 ποιητῇ
779 1037 889 1104 γέγονεν
908 1031 942 1090 w's
958 1032 1043 1090 ἵππος
1060 1031 1248 1104 ταχὺσ’Ὕὸιυρ
1264 1032 1293 1088 δὲ
1311 1038 1356 1090 πί-

327 1115 478 1172 νωνύιῖὃὶν
502 1115 536 1171 ἄν
552 1120 628 1172 τέκοι
645 1116 747 1186 σοφὸν,
773 1124 800 1172 et
823 1120 981 1173 sententiam
999 1117 1085 1171 Garun.
1104 1117 1157 1179 lll,
1182 1123 1225 1174 29.
1251 1119 1293 1173 cll.
1312 1133 1356 1188 ap.

332 1203 457 1280 suidam:
475 1198 598 1271 ”Acdpuc
616 1200 714 1271 coporis
733 1199 813 1268 ἐχρῆν
836 1203 873 1256 τό
892 1199 1013 1270 παρὸν
1028 1199 1165 1270 πρᾶγμ’
1185 1195 1221 1256 sa’c
1238 1197 1356 1268 δύναμιν

332 1289 464 1343 litabat
481 1285 597 1344 καλῶς.
621 1286 682 1339 Alia
702 1285 830 1339 normulla
847 1286 1005 1340 imitationis
1023 1287 1140 1355 uestigia
1159 1285 1270 1355 collegit
1290 1285 1357 1340 l'as-

250 1417 253 1426 .
335 1385 393 1426 sor.
411 1375 467 1426 not.
486 1377 546 1428 181.

265 1495 313 1563 13)
330 1493 448 1551 Eundem
469 1503 657 1552 commemorat
681 1498 709 1553 S.
727 1497 768 1565 ll,
792 1499 818 1552 4.
843 1503 860 1554 3
885 1511 943 1550 cum
970 1498 1099 1564 magistro
1119 1495 1231 1550 Socrate
1256 1501 1357 1550 etcum

334 1578 499 1650 Pythagora,
518 1581 685 1652 philosophis
704 1582 960 1652 praestantissimis,
979 1579 1110 1650 vocatque
1129 1580 1264 1633 doctum
1278 1579 1358 1634 Pla-

334 1670 427 1722 tona.
463 1665 548 1722 Erant
573 1671 618 1738 qui
640 1670 684 1736 (ut
701 1667 830 1722 Dacerius
854 1670 880 1720 et
899 1663 1043 1718 Passovius
1067 1670 1123 1720 not.
1141 1665 1189 1732 66)
1207 1666 1359 1736 intelligere

334 1749 442 1802 mallent
457 1749 593 1804 Platonem
612 1752 796 1806 domicum.
822 1750 864 1804 lta
881 1765 945 1804 vero
964 1748 1099 1820 epitheton
1119 1750 1255 1804 doctum
1274 1753 1360 1804 minius

334 1837 484 1902 appositum
502 1837 589 1903 loret3
605 1852 655 1890 uec
672 1839 765 1890 mirum
785 1837 871 1890 estin
889 1835 1042 1888 academiae
1061 1835 1191 1902 discipulo
1212 1833 1283 1904 quod
1296 1833 1357 1888 l’la-

333 1921 432 1982 tonem,
451 1921 478 1973 in
496 1928 577 1990 poeta
592 1920 664 1991 qaod
685 1921 790 1974 solutae
815 1921 947 1972 orationis
972 1922 1129 1987 scriptorem
1155 1920 1266 1970 inaximo
1292 1935 1358 1986 poe-

334 2003 414 2054 ticum
434 2003 548 2074 legerit,
574 2005 645 2076 quod
664 2004 733 2058 idem
751 2003 876 2056 Pisonum
897 2004 993 2056 maiori
1011 2005 1069 2070 ipse
1087 1999 1181 2053 suadet
1198 1999 1229 2053 A.
1249 1999 1277 2055 Ρ.
1295 2009 1359 2060 310:

440 2087 580 2142 Scribendi
598 2093 670 2141 recte
688 2101 784 2154 sapere
803 2091 844 2138 est
863 2091 889 2138 et
907 2089 1067 2154 principium
1086 2091 1113 2140 et
1131 2085 1208 2138 lons:

439 2169 503 2224 Rem
519 2172 571 2222 tibi
588 2169 801 2222 Socraticae
826 2175 952 2236 poterunt
970 2169 1111 2222 ostendere
1131 2167 1250 2224 clrartee.

333 2254 420 2326 Atque
439 2253 606 2308 Socraticum
623 2250 760 2306 Platonem
781 2253 880 2305 imitari
898 2251 1003 2305 ridetur
1021 2251 1152 2306 Lambino
1173 2255 1201 2306 in
1220 2253 1276 2306 Sat.
1292 2252 1314 2320 Ι,
1333 2261 1359 2315 3,

333 2345 368 2396 38
386 2357 442 2412 sq.,
471 2337 505 2390 ol.
523 2334 698 2388 celeberrimo
718 2334 750 2388 de
770 2331 985 2401 ὖποκορίσμασιν
1002 2340 1149 2388 amatorum
1173 2337 1234 2389 loco
1260 2338 1358 2408 ellep.

334 2422 378 2478 lv.
400 2429 444 2482 29.
468 2438 494 2489 p.
515 2421 575 2475 474.
593 2417 639 2482 lt,
664 2417 788 2487 Bentlejo
814 2419 842 2468 in
861 2415 917 2467 Sat.
937 2413 969 2466 ll.
995 2422 1022 2467 2.
1044 2425 1080 2471 ‘77
1099 2433 1138 2487 sq.
1164 2420 1196 2474 cl.
1214 2419 1358 2477 fil’haedon.

333 2523 378 2576 pg.
396 2515 439 2566 83.
458 2505 505 2570 D..
524 2498 727 2574 llyttenbachio
746 2503 774 2552 in
793 2497 821 2552 (l.
842 2497 862 2550 l.
881 2501 924 2552 st.
943 2503 969 2554 8.
989 2499 1021 2552 cl.
1049 2497 1163 2555 Phaedr.
1182 2517 1226 2572 pg.
1245 2505 1305 2562 246.
1321 2503 1359 2560 ll:

332 2591 396 2648 zade
419 2591 540 2647 ἐλαύνων
562 2585 668 2656 πτηνόν
691 2579 776 2652 ἅρμα.
814 2579 868 2634 Gir.
888 2579 1015 2636 Valckeu.
1045 2586 1073 2636 in
1099 2583 1212 2640 Theocr.
1232 2587 1360 2646 Adcuiaz.

334 2691 361 2744 p.
378 2679 440 2736 326.

265 2805 364 2875 14),A‚
383 2805 412 2863 Ρ,
430 2811 465 2866 79
486 2809 512 2859 et
527 2800 612 2872 Epist.
628 2801 646 2866 l,
666 2801 708 2860 19,
721 2801 770 2851 23:
789 2821 823 2832 -
844 2791 940 2847 Parios
958 2808 1009 2863 ego
1031 2796 1131 2864 primus
1149 2799 1253 2854 iambos

403 2886 514 2946 Ostendi
531 2887 621 2953 Latio,
637 2897 708 2936 num
720 2895 799 2934 eros
820 2882 1027 2949 animosque
1046 2886 1151 2934 secutus

403 2971 630 3034 Archilochi,
649 2984 703 3022 non
720 2982 777 3020 res
797 2971 823 3020 et
841 2967 951 3036 agentia
970 2965 1079 3018 verba
1094 2963 1257 3034 Lycamben.

334 3062 435 3115 Libera
452 3061 503 3114 hac
523 3051 676 3112 Archilochi
699 3053 847 3105 imitatione
867 3064 945 3120 quam
965 3051 1022 3118 ipse
1040 3050 1093 3102 sibi
1111 3049 1174 3104 fisus
1192 3057 1278 3116 esset,
1299 3061 1360 3108 ante

336 3144 441 3197 dixerat
464 3160 502 3199 vs,
527 3150 576 3198 21:
613 3138 745 3193 Libera
771 3152 819 3204 per
843 3149 953 3186 vacuum
977 3135 1056 3200 posui
1079 3137 1196 3204 uestigia
1220 3139 1360 3206 princeps,

335 3226 411 3281 Non
436 3229 556 3281 atiena
580 3237 651 3278 meo
678 3222 799 3290 pressi
824 3218 919 3287 pede.
969 3213 1031 3275 Qui
1057 3216 1128 3269 sibi
1159 3219 1257 3284 fidit,
1289 3219 1360 3274 Dux

334 3315 432 3382 regit
460 3326 608 3366 examen.
661 3306 783 3362 Ceterum
811 3303 871 3372 plus
897 3315 975 3370 quam
1001 3305 1092 3354 notum
1116 3309 1174 3356 erat
1199 3299 1361 3372 πικρόχολον

337 3395 492 3451 Archilochi
505 3392 609 3463 πόμα,
629 3390 676 3445 or.
693 3389 799 3444 Alanoi.
819 3387 852 3440 n.
872 3389 937 3444 rer:
958 3408 991 3422 -
1014 3378 1042 3439 ic
1060 3405 1129 3438 ποτε
1147 3384 1249 3453 πικρὴν

667 3474 783 3530 Μοῦσαν
802 3467 925 3539 bladosius
945 3465 1052 3534 πρῶτος
1073 3469 1160 3539 ἔβαψε
1184 3469 1260 3537 χόλῳ.
1305 3469 1360 3524 Cir.

335 3583 359 3622 v,
379 3583 401 3624 (ς,
421 3566 455 3620 fr,
472 3572 507 3624 28
524 3580 564 3634 sq.
584 3567 611 3617 et
627 3563 662 3619 rt
679 3576 735 3630 seq.
755 3555 921 3614 Schneider.
949 3551 1031 3605 llulus
1049 3555 1134 3624 igitur
1161 3556 1360 3619 ‚‚animorum“

334 3651 539 3713 vehementiam,
565 3646 613 3702 sed
633 3647 808 3711 temperatam
826 3641 915 3703 illam,
934 3643 960 3690 ⁶¹
980 3640 1132 3701 „laminis
1150 3641 1262 3691 arleff
1287 3653 1358 3690 iim·

337 3752 388 3809 que
406 3741 567 3790 immutatam
587 3729 731 3796 assumpsit
749 3724 890 3787 horatius,
912 3721 1026 3789 singulis
1046 3722 1125 3775 rebus
1143 3729 1169 3776 et
1184 3723 1274 3777 verbis
1286 3739 1361 3793 spre-

336 3825 371 3876 tis
399 3825 504 3891 ipsique
532 3817 642 3870 relictis.
685 3808 774 3870 Quare
797 3823 830 3861 ne
848 3804 1052 3860 Mltscherliehii
1079 3807 1183 3876 quidem
1199 3809 1363 3878 diligentiae

336 3908 459 3974 contigit,
481 3911 510 3958 ut
530 3901 587 3954 ulla
604 3901 678 3951 certa
698 3899 744 3947 aut
762 3890 918 3961 probabilia
934 3887 1122 3943 Archilochiae
1141 3892 1298 3945 imitationis
1317 3905 1363 3945 ue-

335 3992 419 4060 stigia
439 4003 471 4042 ex
489 3990 546 4040 eius
566 3986 660 4054 fragm.
680 3978 824 4046 colligeret
841 3975 933 4040 (ueluti
950 3974 984 4026 ad
998 3972 1083 4043 Epod.
1091 3973 1136 4028 Vl.
1151 3981 1216 4028 extr.
1237 3992 1251 4029 e
1267 3977 1364 4046 fragm.

338 4083 381 4133 31.
399 4071 540 4136 Schneid,
567 4076 594 4122 et
621 4067 655 4120 ad
675 4062 759 4132 Epod.
785 4060 855 4114 XVI.
879 4065 922 4116 34.
946 4073 960 4112 e
987 4058 1019 4110 lr.
1037 4061 1079 4115 66.
1097 4067 1123 4115 7·
1142 4061 1213 4127 su),
1232 4076 1282 4114 ¹¹0⁰
1298 4076 1363 4114 Vim

338 4177 370 4216 ex
391 4159 634 4229 Hipponem,
654 4150 741 4203 altero
763 4146 810 4198 illo
829 4143 977 4198 iamborum
995 4149 1104 4196 anctore
1122 4138 1365 4211 (Epod.V1.14.),

335 4245 479 4315 quidquam
496 4245 631 4310 repertum
649 4239 698 4289 est.
726 4230 756 4283 ln
774 4229 855 4283 rebus
873 4229 990 4281 metricis
1011 4231 1098 4280 autem
1116 4232 1143 4280 et
1160 4230 1267 4280 musicis
1281 4230 1366 4282 omni-

336 4342 371 4380 no
391 4326 531 4393 plurimum
549 4323 623 4377 Parii
641 4321 737 4389 poetae
756 4317 889 4384 ingenium
907 4313 992 4366 ualuit
1010 4318 1037 4366 et
1057 4314 1221 4376 auctoritas,
1241 4313 1283 4364 cui
1302 4311 1366 4366 llor.

337 4424 443 4482 quoque
461 4425 510 4464 nec
527 4410 626 4465 inritus
647 4404 811 4472 obsequutus
830 4404 878 4453 est.
916 4397 976 4456 Vid.
994 4396 1057 4453 Eue.
1076 4403 1150 4452 metr.
