3072 5180
1220 404 1264 470 65

135 595 168 654 ut
190 605 324 672 persona
345 587 464 650 inluxit
486 591 519 652 ut
538 589 649 668 poeta,
679 603 717 648 ue
742 605 804 650 rem
825 588 903 650 nuule
924 594 1014 672 atque
1038 590 1162 654 exiliter
1186 609 1261 654 uar-

135 709 201 754 rare
223 691 394 753 videretur.
440 687 505 752 Gir.
527 688 606 749 Exn.
630 685 667 748 ll.

145 820 150 824 ’
239 823 305 886 Nee
332 822 541 898 argumentum
568 819 664 882 sulum
685 819 785 883 fletum
807 821 839 881 et
861 818 981 882 aliunde
1004 826 1184 902 assummum,
1206 823 1260 884 sed

133 926 233 988 tetum
255 939 374 987 carmen
394 921 437 984 ita
461 921 581 1001 plenum
604 924 654 985 est
675 921 852 1000 Graecinum,
876 925 910 984 nt
931 925 1068 1004 primitiis
1089 923 1176 986 huius
1199 944 1258 1003 ge·

136 1027 221 1086 neris
242 1022 456 1086 nun'rluhitem
487 1041 692 1086 annumerare.
743 1022 933 1084 Frankius
963 1023 1082 1106 quidem
1110 1024 1263 1106 inprimis

137 1127 224 1189 hisee
250 1126 426 1189 carminibus
447 1125 600 1187 amatoriis
626 1124 772 1186 interdum
793 1121 890 1184 ialsus
911 1126 978 1205 est,
1004 1145 1091 1206 quum
1114 1128 1203 1190 etiam
1225 1147 1262 1190 ea

137 1229 176 1292 ad
199 1248 300 1290 veram
323 1230 415 1291 vitam
436 1229 547 1307 poetae
571 1228 723 1307 pertinere
746 1225 885 1306 opinatus
907 1225 967 1305 sit,
987 1245 1064 1306 quae
1091 1229 1129 1290 erl
1145 1228 1263 1292 Graece

137 1331 204 1392 eius
226 1330 413 1413 exemplaria
436 1328 596 1391 referenda
619 1330 733 1390 essent.
759 1325 988 1390 eoncedendum
1005 1346 1097 1408 vere,
1116 1333 1145 1391 ni
1161 1332 1262 1414 fallor,

137 1433 253 1514 aliquot
274 1433 358 1494 annis
382 1433 464 1513 prius
483 1429 542 1493 hue
565 1449 685 1494 earmen
712 1431 804 1493 scribi
825 1431 980 1510 putuisse,
1003 1449 1091 1513 quam
1115 1429 1263 1517 Carunll,

137 1533 168 1596 4.
190 1537 218 1596 in
242 1555 300 1619 que
329 1536 423 1616 poeta
443 1549 518 1595 vere
543 1536 700 1614 praelicat
722 1553 756 1596 se
782 1534 837 1594 iam
859 1532 1131 1614 quadragenarium
1155 1536 1264 1600 lautum

136 1639 285 1700 amoribus
310 1638 480 1700 defunctum
503 1653 584 1697 esse.

245 1790 274 1831 v.
300 1768 330 1833 1.
376 1769 482 1831 Mater
502 1789 601 1830 saeua
625 1761 829 1850 Cupidinum]
854 1762 949 1825 Plane
971 1763 1107 1828 similiter
1129 1768 1265 1834 Phile.

136 1871 266 1972 tlemus
288 1873 318 1932 iu
339 1870 464 1932 Antinoi.
489 1869 542 1931 Gr.
563 1868 604 1948 ll,
626 1889 656 1950 p.
683 1867 727 1930 89
748 1868 813 1944 Bm,
837 1865 944 1944 epigr.
968 1862 1083 1946 XXIV,
1104 1869 1184 1937 init:

285 1983 390 2065 Κύπρι
409 1988 577 2065 γαληναίη,
598 1981 790 2063 φιλοιὺμφιε,
813 1973 917 2056 Κύπρι
938 1981 1064 2044 δικαίων

340 2083 500 2166 σύμμαχα,
525 2079 628 2166 Κύπρι
649 2081 794 2154 Helue
815 2083 940 2161 μῆτερ
960 2074 1224 2156 retroneum.

138 2204 276 2265 Eundem
299 2201 481 2264 versiculum
505 2201 651 2262 Horatius
671 2203 700 2262 in
724 2197 868 2280 persimili
891 2195 992 2260 Carru.
1017 2200 1124 2284 1V,·1.
1149 2229 1198 2273 us.
1220 2211 1263 2293 5.,
1337 2257 1339 2264 ,

137 2303 200 2363 hue
229 2303 326 2380 ipsum
354 2321 474 2366 carmen
502 2302 744 2382 significaturus,
782 2299 918 2362 consultu
946 2307 1085 2384 repetiit3
1120 2311 1264 2376 incertum

142 2423 238 2484 vere,
261 2425 327 2468 num
347 2408 377 2468 in
399 2425 434 2468 re
458 2409 517 2470 tam
543 2405 685 2468 communi
714 2412 746 2465 et
773 2403 876 2466 ubivis
902 2404 994 2468 obvia
1018 2412 1132 2475 eertum
1155 2419 1265 2480 auetu.

129 2523 202 2568 «rem
223 2509 348 2569 secutus
368 2508 427 2586 sit,
451 2525 626 2588 quamquam
648 2505 772 2567 eundem
803 2505 1050 2590 Philodemum¹)
1076 2531 1171 2596 saepe
1193 2519 1263 2582 lmi„

137 2612 223 2670 tatus
249 2613 308 2670 est.

240 2759 271 2800 v.
295 2737 326 2801 2.
371 2737 516 2802 Semelae
530 2736 628 2822 puer]
653 2737 750 2800 Codri.
774 2758 942 2805 censensus
967 2747 1055 2809 iavet
1076 2747 1104 2814 ln.
1129 2750 1150 2811 l.
1175 2751 1264 2818 Luti-

136 2857 195 2902 nae
219 2842 335 2910 formae
357 2841 551 2904 Semelae.
606 2840 684 2900 Virle
707 2841 837 2904 Excurs.
862 2843 918 2906 lll.
970 2847 1143 2914 Bacchus
1166 2859 1265 2921 autem

141 2939 272 3003 Graecis
297 2960 392 3023 saepe
417 2942 539 3004 Amoris
560 2959 663 3005 eomes
686 2959 722 3003 uu
743 2943 869 3006 sedalis,
911 2949 1011 3010 Δοκεῖ
1024 2944 1085 3035 γάρ
1108 2950 1200 3038 ἔχειν,
1223 2962 1267 3026 ait

142 3042 320 3105 Athenaeus
341 3043 388 3124 V,
416 3053 446 3126 ιι.
469 3043 540 3109 185.
566 3045 619 3125 B.,
649 3039 732 3127 πρός
764 3049 867 3125 φιλίαι
890 3071 919 3110 τι
949 3042 1072 3124 ὅοῖιος
1093 3051 1267 3128 ἑλκυστικόν

144 3147 409 3227 παραθερμαίνων
431 3140 485 3222 τήν
505 3139 609 3230 ψυχήν
631 3149 682 3208 καὶ
702 3149 843 3228 διαχέων.
885 3149 976 3212 Adde
999 3155 1080 3234 quud
1099 3155 1220 3240 κώμαυς
1241 3183 1266 3234 s,
1343 3235 1361 3250 ..

142 3247 398 3334 commissatlenes
424 3249 558 3326 regebat
572 3245 719 3310 Baculus.
763 3248 864 3331 Quare
886 3270 972 3332 quum
988 3255 1092 3320 Amori
1113 3280 1265 3342 praesen.-

139 3347 287 3410 tlssimum
313 3348 457 3411 auxilinm
479 3356 639 3432 praestare
663 3355 830 3434 putaretur,
853 3354 918 3414 ems
940 3373 1027 3436 opem
1051 3380 1109 3424 nna
1130 3385 1194 3428 eum
1211 3368 1264 3431 illo

139 3449 325 3514 invocabant
353 3455 465 3534 poetae
495 3453 594 3518 meliei
626 3457 657 3516 et
687 3458 810 3538 eroum,
844 3453 1004 3537 πρόπολοι
1040 3465 1267 3548 βαρυγδούπων

137 3653 344 3666 μ..-

193 3781 224 3852 1)
243 3779 305 3834 Fun
324 3780 422 3836 nobilis
442 3779 607 3854 Epicureus,
634 3777 811 3848 1³¹1U⁰⁸⁰P¹¹¹¹⁸
831 3786 857 3834 ⁰¹
874 3787 970 3852 P⁰⁰tar
996 3790 1071 3844 ⁰¹¹¹¹¹⁸
1089 3791 1187 3852 semla
1203 3789 1269 3869 Μ’·
1300 3813 1303 3824 ¹

246 3869 319 3918 mara
344 3863 455 3932 cicere,
486 3867 543 3920 elus
568 3864 706 3932 aequans,
731 3861 855 3919 dilaudat
870 3868 899 3920 in
919 3865 966 3924 Or.
984 3871 1013 3924 in
1031 3871 1122 3936 Pisun.
1140 3895 1162 3936 u.
1181 3889 1225 3942 29.
1244 3891 1272 3940 et

246 3949 374 4004 lleratius
392 3951 421 4002 in
440 3948 489 4004 Sat
513 3947 536 4010 l,
555 3953 582 4002 2.
599 3961 638 4000 vs.
656 3947 692 4004 3'2
709 3962 747 4018 sq.
765 3953 792 4002 et
808 3965 847 4004 vs.
866 3959 1027 4013 120-122.
1047 3970 1141 4031 aperte
1159 3982 1269 4035 expres-

246 4037 283 4087 sit
305 4037 445 4104 ipsumque
471 4031 628 4094 neminavit.
663 4029 731 4086 Vide
756 4035 793 4086 sis
817 4033 957 4092 Jacobs.
983 4043 1010 4094 in
1033 4044 1140 4100 Anthel.
1165 4047 1211 4104 Gr.
1231 4049 1269 4116 11,

245 4135 270 4187 p,
289 4123 333 4176 gg,
351 4117 396 4170 Βι.
425 4116 461 4169 ed
479 4114 572 4187 Epigr.
591 4111 666 4179 XXI,
685 4123 699 4172 1
721 4131 760 4186 sq.
786 4124 813 4172 et
829 4120 863 4188 ll,
884 4139 909 4192 p.
929 4127 973 4180 85·
991 4126 1024 4178 ἃᾶ
1042 4125 1089 4194 Ep.
1107 4128 1141 4192 Xe
1159 4137 1176 4186 3
1194 4145 1270 4205 seqq,

246 4201 313 4256 Nam
332 4201 497 4271 epigramma
515 4197 569 4262 lll,
589 4200 665 4252 euius
684 4201 806 4258 eleusula
824 4213 879 4260 est:
905 4205 957 4275 τήν
974 4205 1067 4277 δ’ἔρα
1082 4206 1187 4268 Poinoi
1204 4215 1269 4282 ἵκοιο

248 4303 280 4342 ex
299 4287 397 4342 ceteris
415 4290 442 4338 et
459 4301 492 4338 ex
510 4279 643 4352 ipsullur.
654 4283 705 4339 l.·e.
721 4285 809 4354 Sati,
828 4297 854 4356 2,
874 4297 926 4346 120
942 4305 982 4360 sq·
1001 4305 1018 4344 a
1035 4291 1139 4348 Bitiam
1156 4298 1270 4366 ll¹⁰d³¹¹

138 4405 140 4412 .
244 4374 313 4424 setis
337 4367 442 4423 affabre
467 4379 499 4420 ae
525 4381 609 4436 prope
637 4372 748 4440 entique
772 4374 887 4428 artilieiu
906 4375 1044 4432 eonlietum
1062 4383 1088 4430 et
1105 4385 1271 4449 suppositum

249 4471 310 4510 esse
328 4449 560 4510 memineramus
583 4451 775 4513 demeruerant
788 4459 825 4510 'im
837 4455 923 4514 Leutt.
944 4457 1042 4516 Venus.
1061 4459 1121 4527 xil,
1150 4479 1176 4532 Ρ·
1195 4465 1254 4522 25⁴·
