3072 5180
707 571 836 649 torm.
863 569 896 664 l,
927 566 984 648 18.

386 758 418 799 v.
443 736 470 800 l.
515 735 632 802 initium
656 738 812 800 carminis:
842 735 1014 814 Nullam,
1037 731 1160 813 Varo,
1188 757 1304 802 sacra
1327 741 1412 803 vite

286 837 396 915 prius
420 840 581 901 severis
604 839 799 918 arborem,
825 837 1027 901 abAlcaeo
1050 838 1199 915 sumptum
1223 858 1412 923 esseappa-

285 940 350 1018 ret,
371 941 456 1003 culus
477 939 554 1004 haec
578 943 725 1028 exstant,
742 937 856 1002 sedo.
875 935 1065 1017 nemaeo.
1087 937 1414 1024 Schneidow.p.2772

374 1042 530 1125 Μαθὲνῑ)
555 1040 629 1108 u’a'tlo
652 1038 803 1130 φυτεύσῃς
825 1037 977 1122 πρότερον
999 1042 1142 1124 δένδρεον
1162 1039 1301 1124 ἆμαέλω,

288 1142 363 1206 Nam
392 1149 424 1208 et
451 1147 573 1208 metrum
606 1147 638 1208 et
668 1145 766 1207 verba
798 1143 888 1224 plane
917 1145 1124 1218 consentiunt3
1157 1163 1197 1206 ex
1226 1166 1286 1228 quo
1316 1150 1413 1209 tamen

288 1263 436 1308 consensu
468 1251 604 1312 tueare
633 1263 671 1310 ne
700 1263 765 1309 cum
797 1243 1034 1308 lilitschorliclrio
1062 1245 1120 1308 hoc
1146 1247 1278 1324 efficias,
1306 1244 1412 1326 „lrauul

288 1346 377 1408 dubie
403 1349 575 1410 universum
603 1365 723 1410 carmen
753 1365 795 1410 ex
816 1346 934 1412 Alcaeo
964 1366 1144 1429 expressum
1171 1367 1242 1410 esse
1253 1350 1291 1422 “3
1328 1350 1412 1409 imaro

288 1463 364 1510 vero
396 1466 508 1512 versus
547 1448 693 1513 Alcaicns
730 1449 770 1512 ull
802 1449 859 1511 nisi
890 1450 1011 1529 insigne
1043 1450 1199 1512 exordium
1242 1454 1311 1529 est,
1353 1467 1412 1510 ve-

288 1547 343 1611 luti
364 1568 536 1632 purpureus
557 1551 674 1633 quidam
696 1569 812 1632 pannus
834 1552 883 1633 qul
905 1549 967 1614 late
989 1549 1168 1632 splendeat,
1199 1569 1288 1634 quern
1320 1557 1414 1632 poeta

289 1683 332 1694 -
353 1669 396 1713 ex
418 1651 540 1714 Pindari
560 1654 608 1714 sui
629 1655 797 1733 praecepto
821 1651 976 1732 ervic.
991 1653 1049 1715 Β..
1075 1649 1250 1733 ἀρχομένου
1271 1647 1303 1716 δ’
1318 1651 1412 1734 ἔργον

286 1749 503 1834 πρόσωπον
528 1751 587 1836 xpp*
610 1756 709 1836 θέμεν
730 1756 924 1836 τηλαυγές
946 1789 984 1800 -
1010 1752 1078 1817 lruic
1100 1755 1221 1817 carmini
1243 1753 1325 1814 nullo
1348 1751 1408 1814 alio

290 1857 425 1920 oonsilio.
438 1858 599 1938 praefixit,
622 1876 709 1942 quam
731 1859 764 1919 ut
785 1856 897 1918 initium
920 1857 1044 1918 canendi
1066 1857 1208 1935 sumeret,
1229 1874 1287 1940 quo
1311 1854 1409 1917 doctis

288 1959 391 2021 amicis
413 1961 638 2038 gratificaretur
661 1975 825 2040 eorumque
855 1959 1049 2021 attentionem
1080 1959 1214 2020 acueret.
1257 1955 1332 2017 Nam
1355 1953 1414 2018 hoc

287 2061 355 2122 iere
381 2061 461 2122 dixit
481 2061 601 2125 Graeco
624 2061 677 2125 lllo
700 2079 812 2138 versu,
835 2078 922 2142 quem
944 2077 985 2122 ex
1015 2060 1165 2142 frequenti
1191 2058 1322 2120 lectione
1349 2076 1416 2118 me-

286 2162 382 2223 moria
404 2164 540 2226 tenereta
570 2163 690 2246 „Quod
719 2161 874 2224 familiaris
902 2164 989 2224 nobis
1016 2164 1108 2242 poeta
1132 2160 1267 2222 Alcaeus
1292 2159 1416 2222 suadet:

287 2259 440 2322 Nullam
465 2263 544 2341 cet,
566 2262 596 2322 id
621 2279 684 2340 ego
706 2265 817 2342 tuque,
841 2281 859 2323 o
883 2250 985 2344 Vare,
1004 2263 1251 2344 comprobamus,
1274 2280 1363 2342 quum
1387 2264 1417 2324 in

288 2363 444 2441 comperto
465 2361 646 2441 habeamus,
674 2361 757 2426 nulla
777 2382 811 2424 re
833 2366 934 2443 magis
954 2366 1046 2427 vitam
1075 2363 1229 2440 humanam
1253 2363 1416 2428 exhilarari

287 2481 374 2545 quam
396 2464 503 2526 modici
524 2464 626 2528 biberi
648 2463 837 2546 Venerisque
862 2466 998 2529 decentis
1021 2466 1212 2528 muneribus:
1241 2471 1273 2533 at
1299 2484 1418 2532 caven-

288 2565 373 2644 dum,
394 2567 421 2627 sl
443 2565 643 2629 Homerum
667 2566 866 2647 consulimus,
896 2567 984 2631 cet.“
1042 2566 1127 2648 Quod
1158 2587 1245 2651 quam
1273 2587 1349 2631 vere
1379 2571 1418 2631 de

286 2671 380 2732 initiis
401 2671 578 2750 carminum,
610 2691 628 2734 a
647 2670 767 2750 Lyricis
788 2672 917 2734 maxime
938 2671 1096 2751 repetitis,
1120 2688 1139 2731 a
1160 2670 1246 2732 nohis
1268 2671 1419 2734 observa-

288 2777 348 2836 tum
369 2774 421 2853 sit,
442 2774 509 2855 ipsa
532 2775 719 2856 comparatio
742 2773 844 2836 docet.
888 2771 953 2838 Gir.
979 2769 1015 2834 0.
1038 2770 1062 2849 l,
1085 2769 1114 2851 1,
1134 2769 1166 2834 3.
1188 2770 1213 2852 l,
1239 2770 1270 2852 3,
1297 2771 1324 2834 l.
1347 2773 1371 2853 l,
1386 2773 1421 2856 9,

289 2873 318 2938 r.
349 2874 374 2956 1,
390 2876 440 2958 re,
457 2877 485 2938 r.
513 2876 537 2958 1,
555 2873 652 2958 aaa.
682 2875 705 2956 r,
723 2871 819 2955 18,1.
843 2873 868 2956 r,
888 2873 936 2956 ro,
952 2873 977 2936 1.
1000 2871 1091 2956 aaa,
1108 2872 1136 2935 1.
1158 2873 1181 2954 r,
1198 2869 1251 2955 30,
1272 2873 1298 2936 1.
1324 2874 1348 2956 r,
1363 2872 1419 2954 31,
1516 2871 1517 2889 ¹

289 2975 321 3040 i.
349 2978 440 3061 l,3·2,
461 2979 490 3043 l.
520 2979 545 3062 l,
561 2977 660 3059 34,2.
686 2977 711 3057 l,
727 2975 781 3056 37,
798 2975 828 3036 l.

390 3081 522 3142 llandem
546 3082 583 3142 de
608 3081 670 3142 vini
691 3079 779 3140 bonis
798 3079 977 3140 sententiam
995 3076 1212 3157 lluripides
1235 3096 1322 3158 quum
1347 3079 1420 3140 alibi

289 3197 386 3258 saepe
414 3183 474 3242 tum
507 3181 538 3240 ln
567 3180 695 3254 Bacchis
727 3180 848 3242 ulrerius
879 3183 912 3242 et
944 3179 1042 3240 insius
1071 3180 1237 3256 exposuit,
1268 3179 1307 3238 ad
1329 3197 1421 3259 quem

289 3285 387 3361 ipsum
409 3295 528 3361 quoque
554 3279 698 3342 Horatius
719 3278 898 3356 respexisse
919 3276 1052 3356 videtur,
1074 3276 1137 3337 vid.
1160 3274 1199 3336 ad
1221 3294 1268 3335 vs.
1291 3273 1313 3336 3
1331 3279 1364 3336 et
1382 3277 1419 3336 6.

289 3381 450 3464 Reliquum
474 3383 573 3442 autem
596 3379 735 3442 carminis
764 3380 971 3455 argumentum
995 3378 1032 3438 de
1055 3373 1246 3438 incommodis
1270 3373 1332 3434 rint
1374 3391 1419 3438 ex

289 3486 451 3548 Homero
479 3485 581 3566 potius
619 3481 671 3544 vel
700 3478 954 3558 l'heognide,
990 3477 1072 3538 iilius
1107 3475 1280 3554 sectatore,
1306 3475 1420 3538 adum·
1514 3501 1515 3527 r

288 3589 401 3669 brevit,
425 3610 459 3651 v.
481 3607 533 3651 rs.
558 3586 588 3650 7.

391 3711 424 3756 v.
445 3689 476 3754 3.
500 3707 570 3773 sqq.
591 3685 692 3750 Siccis
714 3685 819 3746 omnia
842 3701 917 3744 nam
938 3681 1020 3740 dura
1042 3678 1120 3740 deuo
1136 3678 1303 3759 proposuit
1317 3698 1421 3762 neque

588 3789 755 3852 Mordaces
768 3786 860 3849 aliter
875 3781 1051 3865 diffugiunt
1061 3778 1285 3844 sollicitudines
1295 3775 1373 3862 cet]

288 3890 340 3953 Ad
364 3891 543 3952 sententiam
567 3893 622 3952 cir.
647 3888 790 3951 Alcaei
818 3885 868 3946 Fr.
889 3881 944 3948 33·
966 3879 1078 3944 Solia-t
1110 3874 1203 3947 Οἶνον
1231 3875 1292 3964 γαρ
1313 3883 1418 3962 Σεμέ-

289 3999 345 4068 λας
372 3996 425 4056 καὶ
444 3989 520 4068 Διὸς
541 3985 606 4064 vide
636 3988 811 4054 λαθικαδέα
830 3979 1062 4070 Ἅνθραὶποισιν
1089 3981 1220 4059 ἐ’δωκεν,
1242 3984 1274 4043 et
1295 3983 1417 4045 linri-

343 4280 371 4347 1)
388 4284 408 4338 i.
426 4295 452 4334 e.
467 4277 562 4348 μηδὲν.
597 4277 694 4332 Aeoles
715 4277 784 4329 enim
802 4277 826 4330 θ
842 4269 904 4328 eid
927 4270 1071 4328 mutabant
1116 4267 1176 4324 Vid.
1197 4265 1357 4322 Boissorrad.
1383 4268 1418 4320 ad

392 4363 474 4434 tirsg.
493 4365 557 4419 Cor.
575 4379 601 4431 p.
620 4356 909 4418 eleutherniae
927 4353 1002 4408 llom.
1021 4369 1046 4422 p.
1067 4353 1150 4418 1841,
1169 4355 1218 4410 23:
1247 4355 1271 4406 d
1290 4350 1320 4406 ἐκ
1338 4354 1387 4408 aad
1404 4349 1421 4403 d

392 4447 495 4519 τραπὲν
515 4442 663 4510 editiores,
684 4442 743 4500 οἷον
760 4440 841 4498 oridia
857 4437 894 4495 od
904 4441 925 4496 e
935 4439 978 4500 do,
999 4433 1078 4497 doiooo
1093 4435 1141 4492 cd
1151 4455 1209 4494 cos
1225 4435 1281 4490 eal..
