3046 5224
1046 347 1262 424 „13

236 557 269 596 v.
293 532 345 596 26.
386 535 674 617 rudtperveis'ium
692 531 802 619 nefas}
837 533 1046 598 Fortinum
1069 537 1119 599 est
1140 537 1174 600 11
1194 531 1260 602 deni

129 643 216 717 δίνης
237 640 336 716 ἰέναι,
358 639 477 716 βαίνειν
501 633 781 717 (ΒορΜΙΙΗθ.
802 637 874 698 Str.
895 633 1048 720 (1.1361)
1072 636 1145 718 „Hs
1161 639 1261 702 111111

128 744 158 802 in
182 741 241 802 deu
264 737 436 819 Abgrund‚
461 737 515 800 etit
536 738 584 799 ins
606 735 783 800 Verderben
806 738 863 801 arr
881 737 947 800 dem
971 737 1076 819 Wege
1096 737 1259 824 (mittetst)

127 843 323 905 verbotenen
345 838 540 904 Uoreebts“.
583 835 650 901 Gir.
672 840 741 902 Sat.
764 839 794 921 1,
818 837 856 918 4,
879 836 924 902 311
939 859 986 922 aq.

234 964 269 1005 v.
295 941 348 1007 27.
393 943 497 1025 Iapeti
512 937 628 1024 genus]
667 939 913 1021 „Abhtmmiing
933 939 990 1004 des
1007 941 1068 1004 d.“
1089 943 1139 1006 est
1154 941 1257 1006 Graes

130 1065 233 1109 eorum
256 1048 346 1128 γένος
364 1042 472 1127 (Hom.
496 1039 555 1105 0d.
586 1039 672 1121 xiv,
700 1039 775 1105 101.
808 1042 913 1124 hinrip.
935 1042 1028 1125 (lyci.
1053 1040 1125 1108 1111.
1147 1043 1257 1110 Bsoeb.

129 1146 222 1229 990.)
251 1150 320 1210 sive
348 1140 447 1231 opopa*
475 1149 507 1208 et
533 1145 649 1228 τροφαὶ
683 1141 796 1225 (Suph.
819 1143 856 1208 0.
881 1145 921 1208 R·
945 1143 1000 1229 l.).
1044 1143 1110 1210 cu.
1143 1144 1258 1212 catuli.

127 1249 190 1330 61,
215 1249 246 1310 p,
275 1254 308 1312 et
338 1249 495 1311 Heindorf.
526 1247 564 1328 ad
593 1245 628 1310 S.
651 1244 682 1325 1,
703 1243 743 1325 6,
769 1243 819 1308 lu.
845 1243 968 1328 (Valeri
994 1246 1122 1329 genus).
1152 1248 1202 1312 De
1222 1267 1257 1314 re

128 1355 232 1414 monet
260 1351 434 1414 Servius
464 1350 501 1412 ud
531 1347 621 1426 virg.
652 1347 715 1409 hioi.
744 1345 806 1428 vi,
835 1347 896 1412 unz
932 1348 1159 1430 „Prometheus
1184 1355 1258 1432 post

129 1455 232 1517 faetos
253 1471 271 1514 a
293 1471 329 1514 se
348 1452 482 1514 homines
502 1451 611 1514 dieitur
630 1449 745 1512 eaeium
759 1451 936 1513 asscendise
958 1435 993 1514 et'
1005 1451 1137 1514 adhiblta
1158 1451 1257 1515 ternio

128 1556 167 1617 ad
190 1559 286 1618 rotam
304 1555 388 1619 Solis
410 1555 512 1632 ignem
534 1553 653 1616 iuratus
674 1569 763 1626 esse,
785 1569 871 1634 quem
892 1550 1058 1616 hominibus
1078 1553 1257 1636 indieavit“‚

126 1659 289 1720 seeundum
312 1658 440 1719 Hesiod.
456 1653 523 1737 Ἕρ.
544 1654 588 1721 50
608 1672 695 1736 sqrp,
718 1672 805 1736 quem
820 1654 888 1734 ipse
913 1654 1083 1743 eitat(uid.
1104 1655 1182 1721 intra
1204 1676 1255 1720 vs.

125 1757 206 1844 30),
236 1763 268 1822 et
289 1758 438 1838 Aeschyi.
462 1758 560 1819 Prom.
582 1753 605 1820 8
625 1772 695 1837 sqq.

230 1880 264 1921 ν.
285 1857 339 1924 28.
380 1861 501 1945 fraude
521 1854 620 1940 mole]
653 1855 730 1944 κακῇ
759 1849 878 1945 ἀπάτῃ,
914 1858 998 1944 κακῷ
1034 1853 1125 1942 δόλῳ.
1176 1857 1255 1922 lilud

127 1960 283 2039 „mula“
313 1964 412 2022 autem
441 1955 556 2039 ἠθικῶς
584 1959 691 2021 dietum
719 1960 794 2038 puta
824 1961 844 2020 i.
876 1976 906 2022 e.
925 1955 973 2023 'ud
1000 1974 1098 2020 mores
1126 1957 1255 2022 Prome-

127 2060 190 2125 thei
223 2080 288 2124 eum
321 2061 430 2125 affeetu
461 2060 590 2144 quodum
625 2057 785 2120 notandos.
837 2059 1110 2144 Frequentissimus
1147 2063 1197 2124 est
1224 2061 1254 2124 in

123 2163 182 2226 boe
204 2183 261 2225 usu
289 2163 470 2226 Terentius:
490 2180 549 2244 quo
570 2163 723 2244 pertinent
747 2161 826 2243 apud
850 2182 916 2225 eum
939 2162 1047 2241 dativi,
1064 2163 1113 2244 qui
1134 2180 1252 2226 roenn-

124 2270 176 2328 tur
204 2265 313 2346 ethici,
352 2263 458 2344 mibi,
495 2265 567 2328 tibi
598 2266 637 2329 ai.
668 2263 739 2326 Vid.
764 2263 874 2327 Bemb.
895 2265 988 2345 Synt.
1013 2263 1065 2327 Gr.
1087 2283 1119 2345 p.
1142 2261 1197 2328 84.
1221 2265 1254 2326 et

127 2365 417 2431 Veebn.'Heiienol.
444 2367 477 2448 i,
503 2367 542 2450 2,
564 2365 597 2432 6.
621 2387 653 2450 p.
680 2365 741 2429 175
764 2385 854 2450 seqq.
898 2366 1011 2430 iubae
1033 2365 1129 2444 igitur
1156 2381 1252 2428 ora-

123 2469 231 2530 tione
266 2476 412 2535 morata
442 2487 501 2534 non
532 2471 669 2549 ignobile
696 2467 904 2531 esthraeeis
936 2466 1119 2531 venabulum
1148 2462 1253 2542 κακὸς.

123 2571 237 2634 Latinis
256 2573 456 2637 imitatoribus
480 2573 602 2637 nialus
624 2576 656 2636 et
677 2569 883 2652 improbus,
907 2569 1016 2650 quibus
1040 2569 1166 2632 adieotis
1187 2588 1250 2633 mo·

122 2683 171 2734 tus
193 2676 223 2735 in
246 2677 341 2738 animo
365 2678 526 2758 scriptoris
547 2677 616 2758 ipsa
636 2693 669 2736 re
697 2675 849 2738 excitatus
871 2671 1068 2749 signideatur.
1111 2669 1177 2732 Nos
1198 2674 1249 2752 qui

120 2779 176 2838 iam
197 2778 375 2856 longissime
407 2798 425 2841 a
453 2767 640 2859 simplicibus
668 2779 807 2839 veterum
837 2775 970 2836 moribus
991 2773 1100 2835 remoti
1128 2789 1249 2853 snmus,

122 2877 193 2938 talia
215 2879 306 2941 iaciie
328 2896 521 2959 supervacua
543 2895 613 2939 esre
634 2877 804 2959 opinamur,
825 2876 962 2956 adeoque
983 2874 1039 2937 vir
1061 2873 1136 2933 sotis
1155 2889 1248 2936 asse-

123 2979 176 3058 qui
195 2997 366 3058 possumus.
408 2980 554 3042 Fortasse
579 2980 696 3042 dixeris
721 2977 873 3055 sdriirnm,
900 2993 970 3057 arg,
992 2972 1112 3036 beiiios.
1155 2973 1248 3038 Plura

124 3081 330 3161 suppeditabit
350 3080 506 3146 Heindorf.
528 3083 566 3147 ad
590 3083 625 3145 S.
646 3080 679 3162 1,
704 3079 741 3161 1,
765 3078 819 3143 77.
843 3073 1089 3162 (maturiores).

224 3203 255 3244 v.
279 3181 322 3247 30
340 3205 387 3268 sq.
429 3189 546 3249 muetos
574 3194 607 3248 et
634 3205 717 3247 noue
740 3185 879 3268 febrium
906 3181 1011 3246 n'orro
1036 3179 1177 3244 incubuit
1194 3197 1245 3241 eo·

120 3282 205 3368 hors]
249 3283 406 3350 Horatium
429 3288 459 3349 in
480 3285 528 3348 bis
549 3285 714 3348 Hesiodum
736 3290 769 3348 et
789 3283 919 3368 Sappho
943 3283 1130 3365 potissimum
1151 3297 1246 3344 seeu-

119 3396 179 3448 tnm
202 3407 273 3450 esse
295 3389 387 3452 doeet
407 3390 544 3452 Servii
565 3393 637 3450 nota
658 3389 696 3451 ad
718 3389 739 3450 1.
764 3387 803 3449 h:
829 3385 905 3466 „ob
928 3383 1101 3448 Promethei
1133 3383 1244 3446 furtum
1274 3430 1279 3437 .

122 3493 188 3554 irati
215 3493 266 3553 Dii
293 3493 352 3555 duo
377 3492 455 3555 maia
478 3493 660 3554 immiserunt
680 3491 787 3570 terris,
815 3487 939 3569 febres,
967 3487 1089 3550 maeiem
1110 3486 1143 3546 et
1159 3500 1244 3545 mor·

118 3583 203 3674 bos‚'
226 3595 307 3658 sieut
336 3597 374 3658 et
398 3593 562 3676 Sappho
591 3597 629 3658 et
657 3592 858 3662 Hesiodus
880 3587 964 3673 (Ἕρ.
987 3586 1048 3652 100
1069 3581 1155 3668 seq.)
1175 3601 1244 3648 me·

118 3701 252 3760 morantr
875 3737 877 3742 ,

196 3793 296 3862 ’Ἀλλα
319 3799 353 3861 δὲ
370 3801 467 3883 μυρία
488 3793 587 3882 λυγρὰ
609 3793 674 3861 κατ’
695 3789 886 3876 ἀνθρώπους
908 3787 1074 3869 ἀλάληται·

203 3905 301 3978 Πλείη
324 3902 382 3981 μὲν
401 3894 463 3984 γὰρ
483 3910 561 3982 γαῖα
579 3902 697 3977 κακῶν,
727 3900 814 3974 πλείη
837 3898 871 3960 δὲ
891 3891 1054 3960 θάλασσα.

118 4001 205 4086 Quod
241 4003 343 4080 tangit
374 4004 407 4064 et
434 4003 581 4066 Horatius
608 4001 729 4065 disens:
766 3999 846 4062 Post
866 3997 969 4076 ignem
991 3997 1050 4060 eet.
1059 3993 1081 4032 ‘⁴
1124 3987 1240 4053 Hesio-

120 4104 184 4165 deis
212 4104 324 4185 addas,
361 4123 441 4186 quoe
463 4105 608 4184 deinceps
631 4103 813 4183 sequuntur:

196 4211 353 4271 ’Νοῦσοι
376 4203 410 4271 δ’
430 4205 644 4291 ἀνθρώποισιν
667 4201 714 4285 ἐφ’
734 4199 830 4287 ἡμέρῃ
855 4194 904 4275 ἧδ’
924 4196 978 4259 ἐπὶ
1000 4195 1087 4254 ννκτῐ

202 4304 386 4390 Λιῗτόματοι
406 4309 572 4389 φοιτῶσι
591 4299 669 4371 suari
691 4311 836 4382 θνητοῖσι
855 4299 1018 4382 φέρουσαι·

118 4409 302 4493 Sapphus
330 4410 438 4490 loeus,
453 4435 456 4443 ·
473 4397 560 4492 quem
589 4407 720 4470 Servius
748 4420 807 4467 non
837 4397 983 4486 protulit,
1021 4409 1098 4458 nune
1123 4389 1240 4468 deper-
