3046 5224
1174 337 1251 384 1th

113 515 206 599 plexi
227 516 308 593 sunt,
328 528 455 593 prorsus
470 509 636 591 abhorruit,
660 516 691 573 et
712 514 740 574 in
765 510 821 574 hoc
840 529 959 593 quoque
976 514 1064 592 parte
1079 551 1099 591 „
1112 512 1250 572 narius

114 621 157 681 et
180 615 419 681 tellcisaime
450 613 608 675 andax“
638 613 705 693 luit,
727 613 757 674 id
781 613 860 694 quod
891 611 1070 688 „callida
1100 603 1250 674 uerbo-

109 737 196 792 rum
227 713 443 782 iunctura“
471 715 599 776 maxime
627 720 812 778 consecutus
836 719 886 778 eat
922 715 1034 796 (lipist.
1058 713 1097 793 ll,
1121 713 1156 793 l,
1182 711 1251 776 166.

114 824 161 884 A.
176 821 213 882 Ρ.
228 819 310 890 47).
357 816 422 880 Sed
444 817 583 899 quoniam
606 835 657 880 rea
679 817 896 896 grammaticae
919 820 979 878 tum
1000 815 1139 898 denique,
1163 833 1250 897 quun

114 923 177 985 sub
200 940 259 984 uno
275 921 371 984 veluti
393 920 558 1000 conspectu
578 919 756 1000 propositae
777 922 858 996 sunt,
879 921 964 980 recte
983 920 1151 981 existimari
1172 937 1250 1001 pos-

118 1029 211 1104 aunt,
240 1042 295 1086 eac
314 1041 371 1087 nec
391 1021 439 1085 hic
459 1039 514 1084 nos
538 1021 648 1082 diutins
673 1017 804 1080 retinere
826 1019 956 1095 debent,
985 1035 1042 1084 nec
1069 1022 1099 1080 in
1120 1020 1252 1098 siugulis
1317 1069 1320 1076 .

119 1125 292 1190 Garminnnr
313 1126 391 1191 locis
413 1126 524 1208 nilque
546 1120 747 1202 explicandae
764 1123 796 1182 ιι
809 1120 1033 1200 retractandae,
1053 1123 1108 1185 sed
1128 1124 1165 1185 ad
1182 1125 1252 1184 unl-

116 1245 214 1291 versa
235 1229 381 1310 quaedam
404 1245 521 1306 genera
542 1223 715 1288 revocanda
734 1225 766 1284 et
785 1223 952 1300 generibus
972 1224 1111 1304 tanquam
1132 1226 1253 1304 species

115 1331 264 1411 excorpla
285 1329 469 1392 subiicienda
490 1330 623 1390 luerunt.
667 1326 767 1411 Quare
791 1325 819 1386 in
841 1325 1053 1389 llxcnraus
1072 1325 1175 1406 reieci,
1199 1327 1250 1388 uhi

119 1433 252 1495 invicem
273 1433 332 1494 sibi
351 1431 448 1494 lucem
470 1432 619 1493 donarent
643 1429 860 1509 deberentque.

226 1534 283 1619 Qui
312 1553 387 1595 unus
414 1532 472 1596 hac
501 1533 539 1595 de
568 1534 635 1615 ipsa
667 1550 699 1594 rc
723 1532 760 1593 ab
786 1529 917 1590 Hernico
941 1527 1139 1606 Wagnero
1163 1549 1248 1592 coru-

122 1635 243 1718 positns
266 1640 315 1698 est
335 1635 455 1698 libellus
473 1640 504 1698 et
520 1637 653 1697 eiusdem
668 1629 930 1714 Orphanotrophel
950 1629 1092 1691 Halensis
1110 1632 1252 1711 impensis

120 1758 171 1800 an.
190 1737 281 1802 1770.
303 1742 335 1802 ιι
359 1757 423 1802 cunr
444 1739 550 1801 additt.
571 1757 620 1801 an.
638 1735 732 1798 1771.
755 1734 894 1796 inlunem
911 1733 1032 1813 prodiit,
1048 1734 1113 1816 „Q.
1131 1733 1249 1796 Horatii

120 1841 225 1905 Flacci
247 1841 378 1903 oarrnina
404 1840 565 1902 collatione
582 1840 762 1918 scriptorum
787 1835 969 1896 Graecorum
992 1835 1180 1916 illustrata“,
1204 1841 1253 1900 est

122 1942 299 2022 opusculum
320 1941 572 2020 multispartibos
594 1939 800 2019 imperfectum
823 1943 864 2016 et,
888 1943 921 2000 ut
944 1956 1019 2000 nnnc
1041 1939 1157 2019 quidem
1172 1944 1251 2002 tem·

122 2045 294 2125 porasaut,
318 2059 422 2122 parum
446 2039 530 2119 utile,
546 2040 735 2122 -quanruis
756 2039 911 2119 probatum
935 2040 1002 2102 olim
1023 2039 1078 2104 Ch.
1094 2041 1135 2104 A.
1151 2041 1252 2104 Klo-

124 2147 220 2224 taio,
250 2145 299 2227 qui
326 2143 354 2204 el
382 2142 539 2226 praefatus
563 2144 613 2204 est
635 2175 688 2221 ·,
713 2143 840 2203 maxime
871 2142 949 2225 qaod
973 2142 1038 2204 eius
1060 2148 1252 2210 anctoriuatl

123 2244 378 2310 iudiciiiirmltate
401 2246 507 2324 caruit,
534 2261 620 2324 quum
644 2245 732 2306 etiam
756 2244 814 2306 alia
834 2244 930 2305 onmia
947 2262 1024 2325 quae
1047 2248 1086 2309 ad
1102 2248 1159 2312 hoc
1180 2268 1251 2332 pro-

124 2350 255 2430 positum
277 2347 348 2410 nihil
371 2345 563 2428 pertinebant
584 2347 796 2426 congesserit,
834 2346 934 2408 multis
958 2352 1141 2413 necessariis
1162 2353 1252 2433 plaue

124 2452 253 2512 omissis.
303 2431 377 2536 Quo
402 2450 519 2511 nominc
550 2450 691 2526 graviter
725 2452 757 2509 ιι
788 2466 863 2510 vere
898 2448 1102 2530 reprehensus
1139 2458 1189 2517 est
1223 2455 1251 2516 in

124 2553 228 2634 Wytt.
250 2553 437 2617 Bibliotheca
456 2553 579 2630 critica,
615 2551 652 2612 ab
676 2551 742 2631 ipso
764 2552 794 2612 ui
815 2551 905 2615 tollor
920 2551 1252 2636 wyttenbachio,

124 2658 209 2719 cuius
229 2657 462 2720 familiaritatem
483 2653 535 2716 ille
548 2655 664 2716 trustra
678 2653 980 2736 lactaverat[Addit.
996 2657 1033 2717 ad
1059 2654 1095 2718 C.
1109 2656 1133 2736 l,
1143 2656 1252 2742 3d,8}.

226 2760 274 2822 Hx
297 2759 416 2822 Horatii
444 2755 665 2837 Interpretibus
695 2763 767 2835 post
791 2756 985 2836 Lambini,
1009 2755 1130 2838 lanii,
1151 2760 1251 2824 lilit-

124 2859 359 2926 scherlichli
382 2861 505 2922 aliorum
525 2859 697 2922 industriam
721 2859 901 2922 laboriosam
920 2877 976 2920 nec
1000 2864 1097 2921 tamen
1120 2862 1252 2926 inutilem

125 2964 260 3024 laetioris
281 2967 314 3024 et
334 2962 484 3024 nitidioris
506 2961 708 3024 commentarii
730 2962 862 3041 speeiem
887 2961 1014 3042 praebet
1037 2963 1086 3022 ed.
1109 2961 1252 3027 Orell-

128 3067 236 3143 iana‚
259 3082 336 3145 quae
351 3064 470 3126 Horatii
489 3063 720 3144 explicationem
742 3083 784 3125 ex
798 3062 924 3127 Graecis
948 3064 1172 3149 exemplaribus
1193 3068 1252 3130 de-

128 3165 246 3246 libavit,
268 3168 383 3228 minime
412 3167 557 3229 absolvit.
607 3166 768 3229 Accedunt
792 3166 976 3230 Graecorum
999 3169 1176 3249 scriptorum
1200 3169 1251 3233 ln·

126 3272 289 3349 terpretes,
314 3288 332 3330 e
359 3269 466 3351 quibas
489 3287 548 3332 uon
580 3286 680 3349 panea
709 3268 901 3343 lencholt,
939 3268 1252 3354 Schneidewini,

127 3372 311 3451 Berglrii‚
352 3372 543 3451 bichelii,
591 3369 826 3449 hlatthiaei,
870 3372 1004 3452 Neuii,
1045 3373 1255 3456 Buechhii,

129 3473 285 3554 Stollii,
312 3474 516 3538 llindoriii
538 3473 717 3552 diligentiae
741 3477 868 3554 accepta
891 3470 1060 3556 reiero⁵¹).
1105 3477 1255 3541 Normolla

163 3727 211 3795 51)
231 3725 328 3780 Horum
359 3727 504 3793 editiones,
539 3743 608 3799 quae
636 3727 709 3780 inire
739 3741 820 3795 saepo
853 3742 901 3795 por
930 3727 1088 3797 compendia
1119 3729 1256 3785 literarum

168 3827 176 3842 ¹
230 3815 360 3876 citantur,
390 3809 442 3864 hae
469 3817 545 3864 sunt:
573 3809 615 3863 Fr.
634 3809 778 3866 Jacobs:
800 3809 965 3882 Anthologia
989 3809 1123 3868 Graeca
1149 3831 1181 3869 ex
1203 3833 1257 3876 rec.

231 3894 368 3960 Branchii,
389 3904 421 3953 13
442 3895 510 3952 Voll.
529 3893 603 3962 Lips.
614 3900 723 3954 1794-
734 3902 811 3962 1803,
829 3903 856 3950 ιι
873 3897 974 3952 ciusd.:
992 3897 1157 3970 Anthologia
1173 3915 1254 3970 grae-

229 3980 313 4034 caud
332 3979 490 4034 bdemtlod.
511 3977 691 4046 Palatini,
710 3989 726 4038 3
744 3981 814 4036 Voti.
835 3982 909 4054 Lips.
930 3991 1089 4048 1813-17,
1108 3981 1255 4038 Schnei-

216 4061 357 4119 'dewinz
394 4064 518 4118 Deiectus
545 4069 615 4132 poet.
640 4063 843 4136 Elegiae-orum,
868 4068 1063 4130 dominorum,
1088 4065 1256 4132 Moliuorum,

231 4147 302 4204 Hott.
323 4155 488 4213 1838-39,
514 4147 645 4220 Bergk:
663 4150 763 4206 Poetae
783 4151 888 4222 Lyriui,
908 4153 981 4224 Lips.
1002 4157 1085 4215 1843,
1114 4151 1259 4209 L'lehel:

230 4233 384 4289 Archilochi
406 4234 478 4298 aaa,
498 4233 571 4303 Lips.
592 4243 667 4301 1818,
689 4235 876 4292 Matthiae:
896 4237 989 4291 Alcaei
1008 4235 1074 4300 Rei,
1096 4236 1170 4307 Lips.
1182 4246 1257 4298 1827.

232 4317 254 4372 N
264 4336 339 4376 aue:
364 4319 516 4389 Sapphonia
538 4320 661 4392 Fragm.‚
689 4323 777 4378 Beroi.
809 4329 892 4386 1827,
928 4321 1059 4392 Bergk:
1083 4323 1260 4378 Anacreontis

232 4402 300 4469 liei,
322 4404 395 4474 Lips.
416 4409 498 4470 1834,
523 4405 674 4461 Boechh:
702 4407 811 4463 Pindari
830 4405 910 4478 Opia,
934 4415 950 4464 3
972 4407 1029 4462 Vol.
1059 4405 1262 4476 11181811-
