3064 5206
590 561 816 653 Excursus

242 709 245 716 '
291 707 331 763 Ad
353 707 445 764 Horat.
469 707 495 765 C.
513 705 534 773 l,
552 713 595 774 37,
617 714 638 766 1.
658 679 718 798 coll.
737 707 830 764 Alcaei
850 705 956 778 Fragm.
978 716 1016 766 12.
1036 709 1113 769 Sclm.

238 867 297 930 list
321 883 434 946 operae
459 865 587 946 pretinm
610 866 728 946 vilere,
751 863 900 947 quomodo
916 864 1062 931 Horatius
1083 871 1115 930 el
1133 867 1265 932 Alcaeus
1347 943 1354 956 x

135 971 195 1035 hoo
215 971 285 1034 loeo
308 969 370 1031 sili
388 969 516 1031 invicem
539 970 734 1047 succurrant,
767 971 800 1030 ut
829 969 956 1031 alterum
984 968 1064 1031 alter
1095 971 1132 1031 alr
1162 970 1264 1033 lnior-

139 1076 269 1156 pretam,
291 1072 370 1150 alter
392 1067 611 1134 aCritioornm
631 1071 745 1132 iniuriis
770 1071 921 1132 deleniat.
960 1071 1076 1156 Quibus
1099 1088 1187 1152 quum
1203 1073 1264 1134 Al-

141 1177 205 1238 caei
227 1175 377 1239 sententia
403 1192 554 1254 oppressa
577 1173 685 1252 iaceat,
708 1172 828 1234 Horatii
851 1173 1013 1236 obscurata
1035 1174 1095 1252 sit,
1125 1176 1152 1236 si
1175 1177 1263 1239 modo

138 1295 215 1340 vcra
237 1277 318 1340 illius
340 1275 439 1339 verba
461 1276 660 1339 revocaveris
676 1277 708 1338 et
721 1275 840 1356 paulum
861 1277 1053 1357 correxeris,
1070 1277 1190 1358 plenam
1207 1280 1265 1343 sili

137 1380 234 1444 lucem
247 1379 360 1442 donant
375 1378 557 1468 debentque.
586 1377 619 1439 ln
634 1372 744 1442 Alcaei
757 1381 834 1442 eninr
848 1380 1032 1461 fragmento,
1055 1381 1135 1462 quari
1150 1401 1264 1456 eerra-

139 1483 190 1546 vit
218 1471 402 1545 Athenaeus
423 1478 454 1540 X
462 1523 471 1560 ,
502 1477 576 1542 430.
604 1480 661 1561 A„
690 1481 731 1542 ibi
764 1483 899 1546 codicum
935 1500 1088 1546 consensu
1120 1487 1266 1567 arripiam

140 1587 247 1646 exstat
266 1587 323 1646 καί
337 1607 406 1646 τινα
427 1577 506 1664 πρὸς
533 1585 607 1663 βίαν
633 1583 785 1648 πονεῖν.
837 1584 925 1668 Quod
954 1603 1042 1666 quom
1068 1588 1144 1650 viris
1167 1588 1265 1654 cloelis

140 1678 218 1747 omni
241 1703 348 1748 carere
368 1685 478 1747 idonea
502 1685 707 1765 explicatione
728 1687 894 1765 videretur,
907 1671 1053 1752 ,corrosit
1066 1691 1263 1770 primusl'ul·

139 1788 210 1848 vius
227 1787 354 1850 Ursinus
375 1793 474 1853 πίνειν
498 1792 530 1852 et
551 1789 659 1850 deinde
680 1787 878 1851 casaubonus
899 1793 990 1862 πίνην
1012 1806 1052 1848 ex
1069 1790 1265 1854 Aeolensium

141 1909 215 1970 osu,
240 1908 329 1971 quam
354 1891 556 1950 coniecturam
572 1906 651 1949 nunc
673 1903 775 1949 oannes
791 1889 877 1950 reiut
898 1907 1014 1950 sacram
1037 1908 1175 1957 ancoram
1201 1912 1269 1956 arn-

140 1989 228 2070 plexi
251 1994 340 2070 sunt,
371 1991 534 2070 postquam
559 1989 657 2050 altera
682 1989 734 2051 illa
756 1992 789 2052 et
810 1989 876 2056 iere
898 1989 1036 2070 aequalis
1059 1997 1112 2057 sci
1133 1994 1269 2077 χθόνα
1334 2046 1338 2053 .

140 2088 222 2173 πρός
243 2094 318 2171 βίαν
340 2093 491 2168 παίειν,
522 2108 564 2151 ex
590 2090 708 2153 Horatii
729 2089 835 2153 verbis
858 2079 940 2156 iacta
962 2089 1032 2177 (ap.
1055 2094 1167 2160 Aemll.
1186 2101 1268 2164 Por·

6 2183 7 2238 ἶ
141 2197 203 2256 tum
236 2194 273 2256 nd
298 2192 400 2273 myrin.
427 2193 481 2254 irr.
503 2192 704 2274 Heidelberg.
740 2193 836 2260 1598.
865 2197 897 2260 et
919 2197 1052 2276 probata
1081 2199 1151 2262 olim
1181 2222 1269 2286 quum
1332 2209 1334 2277 j

6 2299 8 2406 ξ
141 2295 209 2360 aliis
231 2297 293 2358 tum
313 2295 450 2358 Porsono
467 2295 552 2358 Aur.
574 2315 604 2378 p.
617 2295 686 2382 103.
707 2297 756 2360 orl.
773 2295 891 2380 lips),
912 2300 1044 2390 eopiosa
1066 2306 1116 2370 est
1135 2304 1269 2371 alnHer-

143 2415 249 2472 manno
270 2396 319 2458 ill.
341 2397 421 2462 loct.
444 2401 531 2462 metr.
555 2397 621 2462 688
641 2419 707 2482 seq.
739 2401 845 2481 „Nam
869 2401 1033 2485 Horatius,
1055 2397 1157 2490 alunt,
1181 2425 1266 2474 sunm

142 2521 227 2563 ncnc
241 2501 324 2582 pecie
345 2501 440 2563 libero
456 2503 619 2585 pulsanda
641 2507 734 2567 tellus
755 2507 845 2569 etiam
869 2522 910 2566 ex
932 2506 969 2567 ris
992 2527 1070 2590 quae
1091 2512 1269 2593 sequeban-

141 2605 191 2664 tur
220 2602 300 2683 apurl
323 2601 469 2667 Alcaeum
495 2604 615 2668 haurire
646 2607 784 2686 potuit.“
834 2599 879 2668 At
908 2607 989 2670 solet
1017 2602 1163 2674 Horatius
1195 2615 1268 2676 talia

141 2706 243 2785 initia,
270 2723 347 2787 quac
378 2725 421 2768 ex
444 2707 572 2771 Graecis
594 2706 826 2786 exemplaribus·
844 2709 908 2768 suls
936 2708 1029 2788 plano
1051 2729 1087 2772 ac
1110 2715 1269 2775 manifesto

144 2807 272 2871 oonsilio
305 2824 343 2867 eo
371 2810 405 2868 ut
433 2799 547 2882 insigni
580 2807 709 2866 exordio
735 2809 871 2867 uteretur
893 2810 926 2868 et
946 2811 981 2867 ut
1003 2809 1100 2874 doctis
1119 2814 1222 2876 amicis
1242 2815 1272 2876 ln

74 2893 94 2919 ‘
143 2901 315 2970 memoriam
335 2907 514 2984 redigeret,
545 2906 687 2985 repetiit,
712 2908 777 2966 iere
798 2906 835 2965 arl
860 2906 983 2968 verbum
1004 2911 1153 2992 reddere,
1179 2917 1273 2981 antsi

144 3011 225 3071 iortc
248 3009 306 3070 non
329 3007 527 3086 verbumpro'
544 3006 765 3087 verbo-reddit,
786 3006 866 3070 solet
882 3010 981 3070 tamen
1002 3015 1183 3092 sententiani
1196 3036 1274 3079 ver-

145 3112 312 3191 borumque
342 3109 403 3171 vim
443 3125 597 3190 seruarc·
639 3108 671 3175 lul
702 3126 790 3190 quum
827 3109 1025 3176 certissimum
1059 3116 1100 3178 sit
1134 3122 1167 3183 et
1202 3121 1273 3202 plus

145 3213 300 3276 duodecim
329 3212 406 3278 louis
435 3211 487 3274 rel
512 3227 554 3274 ex
577 3207 634 3273 uno
659 3210 790 3275 Olarum
818 3211 896 3276 lilrro
923 3216 1018 3294 primo
1039 3224 1160 3285 constet
1184 3221 1273 3306 (virle

145 3313 184 3376 au
205 3313 306 3377 Carnu
328 3313 358 3394 l,
386 3310 444 3394 18,
477 3310 546 3398 l.)a
585 3332 643 3376 non
682 3315 777 3394 ipsam
807 3316 926 3397 quidem
954 3322 1157 3388 coniecturam
1186 3328 1275 3392 istam

145 3414 251 3498 χθόνα
265 3441 302 3462 ⁴·-
322 3421 417 3495 παίην
441 3413 537 3499 (quae
560 3415 629 3480 milri
644 3419 834 3482 correcturis
850 3420 949 3499 magis
971 3442 1056 3505 quam
1073 3431 1185 3507 poetae
1206 3448 1274 3493 ma-

146 3531 213 3582 num
242 3504 367 3602 eamque
398 3521 487 3583 satis·
509 3521 660 3583 sinistram
691 3523 808 3584 referre
826 3523 1032 3608 uideretur),
1065 3529 1121 3589 seri
1155 3531 1273 3593 Horatii

145 3605 245 3686 tamen
267 3624 405 3700 vestigia
427 3625 552 3685 secutus
576 3626 672 3685 totum
696 3623 885 3701 archetypon
913 3642 1041 3686 sanasse
1063 3628 1131 3690 milri
1154 3631 1274 3713 videor,

147 3741 236 3809 quum
258 3743 314 3787 una
340 3722 451 3786 vocula
473 3722 582 3784 leniter
602 3725 746 3812 restituta
766 3725 880 3805 scripsi
906 3731 960 3788 καί
981 3723 1086 3792 πόδα
1103 3725 1184 3812 πρὸς
1203 3739 1277 3816 βίαν

148 3823 271 3904 Πόνην.
307 3824 393 3909 Quae
416 3829 449 3884 ut
469 3825 576 3904 aperte
601 3825 784 3886 conveniunt
805 3842 871 3887 cum
895 3827 1069 3892 Horatianis
1093 3854 1177 3897 nunc
1192 3837 1279 3920 peda

148 3931 244 3992 Hiero
256 3927 421 4013 patranda
445 3927 547 4004 retina,
570 3926 612 3988 ita
625 3927 778 4006 proprium
793 3929 915 4012 aliquod
931 3936 963 3996 et
982 3935 1140 4014 singulare
1156 3939 1275 4001 utrius-

148 4049 208 4112 que
228 4029 344 4110 ingenii
365 4028 523 4091 discrimen
541 4027 721 4110 relinquunt,
742 4030 771 4092 in
796 4051 854 4113 quo
869 4036 937 4116 ipro
959 4037 1039 4100 haud
1062 4040 1127 4102 scio
1150 4040 1277 4102 anabs·

148 4133 286 4196 conditae
310 4151 419 4196 caussa
441 4129 778 4214 quaerentia'veritatis
800 4136 851 4198 sit.
894 4137 970 4202 Nam
990 4139 1070 4201 irene
1091 4158 1165 4203 sane
1182 4145 1276 4226 atquc

149 4235 311 4314 eleganter
324 4236 480 4314 Horatios,
504 4251 592 4314 nuno,
614 4236 667 4314 ait,
691 4238 851 4319 postquam
872 4259 949 4303 cora
971 4243 1279 4328 nmtuqnec'cercria

149 4356 254 4398 rerum
276 4339 371 4402 somer·
393 4335 510 4422 (lipom
530 4337 563 4418 9,
583 4334 653 4421 37.)
684 4358 804 4423 sumus,
835 4340 931 4408 libera
951 4343 1073 4409 licentio
1107 4349 1278 4430 iripurllao-

154 4435 222 4499 rium
239 4439 274 4502 et
285 4439 496 4504 exsultantium
513 4443 571 4522 ert,
596 4446 737 4524 quantum
753 4443 850 4512 clusa
866 4447 954 4512 ammi
969 4447 1085 4524 laetitia
1100 4453 1212 4532 agitati
1225 4470 1285 4536 pe-
