3046 5224
280 379 387 426 xxviii

285 567 369 612 snum
393 550 496 634 aliquo
517 551 615 614 tamen
639 547 727 611 mnodo
745 549 941 628 significavit,
962 550 989 612 sl
1010 552 1188 631 praesertim
1210 551 1276 610 eius
1298 548 1412 611 dictum

282 652 334 715 vel
353 653 453 716 statim
476 652 514 715 ab
534 652 618 715 initio
638 655 777 734 tanquam
790 651 977 733 splendidum
992 650 1147 714 exordium
1172 649 1222 712 vel
1238 652 1267 711 io
1282 651 1413 732 conspi-

283 771 339 815 oua
367 753 442 816 sede
470 757 503 818 ut
524 753 692 834 primariam
719 756 915 834 sententiam,
947 752 1144 833 superaddita
1165 753 1312 816 interdum
1332 770 1412 833 par-

283 855 378 918 tlonla
400 857 513 936 enim,
538 855 711 934 collocavit,
733 857 868 938 sipiano
890 855 1048 934 singulare
1067 873 1103 917 ao
1124 857 1275 936 proprium
1300 854 1413 918 Graeci

282 956 407 1020 alieuius
427 959 559 1022 auctoris
581 957 634 1019 vel
657 957 766 1019 dictum
789 959 841 1021 vel
863 957 981 1021 dicendi
1000 974 1100 1034 genus
1122 961 1245 1020 secutus
1278 961 1345 1036 est,
1384 958 1413 1018 ai

282 1057 433 1138 integram
459 1061 672 1122 sententiarum
703 1062 813 1123 seriem
842 1059 1002 1137 servarit,
1038 1057 1065 1118 si
1098 1059 1223 1122 eundem
1257 1063 1412 1124 auctorem

283 1161 407 1240 saepius
438 1161 491 1223 vel
519 1163 548 1222 in
576 1161 680 1224 eodem
709 1167 890 1240 argumento
920 1161 1051 1222 imitatus
1078 1165 1138 1222 est.
1197 1163 1254 1224 llis
1283 1165 1315 1224 et
1333 1161 1413 1224 'aliis

282 1261 448 1324 rationibus
476 1264 507 1324 et
531 1265 719 1342 argumentis
750 1265 788 1326 ad
810 1268 903 1346 caput
923 1263 1098 1328 imitationis
1121 1265 1276 1342 perveniri
1297 1269 1414 1347 polest.

282 1363 414 1446 Quorum
436 1365 464 1425 si
487 1364 573 1446 plura
597 1380 693 1449 eaque
714 1369 789 1432 satis
811 1369 920 1430 idonea
945 1365 983 1426 ad
1007 1364 1249 1446 persuadendum
1268 1368 1310 1428 ita
1333 1386 1412 1430 uon-

159 1490 163 1500 1
281 1466 432 1546 venerint,
454 1470 487 1529 nt
510 1468 548 1530 de
571 1470 639 1550 ipsa
665 1472 794 1532 veritate
815 1487 873 1532 non
898 1471 954 1532 iam
971 1469 1123 1549 possimus
1145 1469 1302 1531 dubitare:
1323 1469 1412 1533 locos

283 1571 423 1630 certos
449 1585 538 1650 esse,
573 1573 599 1632 si
629 1572 744 1656 aliquot
767 1575 867 1635 tamen
891 1590 948 1634 nec
973 1571 1164 1654 spernendae
1186 1573 1320 1634 rationes
1342 1593 1413 1636 ma-

282 1687 373 1746 guam
393 1671 480 1732 nobis
501 1674 641 1736 veritatis
663 1675 796 1754 speciem
820 1674 1000 1753 obtulerint,
1030 1675 1147 1736 etiamsi
1177 1677 1314 1754 vestigia
1341 1677 1412 1737 imi-

281 1771 406 1833 tationis
422 1778 520 1837 mente
535 1777 634 1854 magis
658 1795 743 1858 qnam
759 1777 855 1838 oculis
877 1781 1048 1858 cernantur,
1077 1778 1316 1858 prohabiles
1339 1797 1413 1842 esse

281 1872 368 1938 locos
396 1882 481 1940 recte
511 1878 718 1941 iudicabimus.
764 1879 872 1943 'l'ertia
893 1881 1038 1962 denique
1067 1880 1168 1942 classe
1200 1879 1413 1962 comprehendi

280 1975 367 2040 locos
386 1979 537 2060 dubios,
562 1980 610 2040 ulri
626 1981 740 2043 animus
757 1983 913 2047 inelinavit
927 1986 1044 2068 quidem
1061 1989 1094 2049 ut
1104 1985 1286 2049 Graecorum
1301 2002 1412 2046 exem-

280 2079 377 2159 plaria
393 2081 518 2143 Horatio
535 2082 702 2174 obversata
723 2102 794 2145 esse
815 2086 978 2166 divinaret,
999 2106 1055 2152 uec
1077 2092 1175 2150 tamen
1196 2088 1226 2149 id
1247 2087 1314 2152 aliis
1333 2105 1412 2168 pro-

279 2179 424 2241 babiliter
443 2181 621 2262 persuaderi
645 2185 754 2262 potuit,
780 2187 837 2247 sed
861 2206 922 2248 rem
945 2187 1063 2249 dubiam
1088 2207 1158 2249 esse
1182 2189 1314 2268 ingenue
1333 2206 1408 2252 con·

279 2279 421 2342 fitendum
443 2282 510 2343 luit.

382 2382 519 2464 Deinde,
537 2386 674 2466 quoniam
697 2385 842 2448 Horatius
864 2388 893 2449 io
923 2386 1076 2452 formando
1098 2392 1186 2450 etiam
1209 2393 1412 2454 orationis

280 2483 417 2548 colore
440 2486 515 2548 etin
539 2485 658 2547 rebus
680 2486 781 2549 multis
804 2507 840 2550 se
861 2492 899 2552 ad
913 2491 1095 2555 Graecorum
1118 2489 1411 2552 imitationemoom-

279 2588 400 2669 posuit,
423 2587 482 2649 ¹his
522 2606 652 2670 quoque·
677 2589 842 2651 rationibus
870 2590 1088 2672 providendum
1119 2591 1204 2649 ratus
1234 2589 1410 2672 interpretis

280 2707 402 2753 munere
426 2691 548 2755 iunctus
569 2711 650 2772 sum,
680 2691 737 2754 sed
760 2689 815 2754 hae
837 2692 911 2770 iege
933 2691 1093 2773 imposita,
1124 2693 1158 2752 ut
1186 2708 1223 2754 ea
1251 2689 1411 2756 dumtaxat

280 2795 486 2877 conquirerem
520 2812 597 2877 quae
626 2798 678 2858 aut
706 2797 744 2858 ad
778 2796 936 2859 dictionem
968 2793 1181 2856 Graecanicam
1210 2797 1263 2856 aut
1293 2795 1330 2856 ad
1358 2811 1409 2853 res

280 2894 415 2961 Graecas
437 2898 631 2962 illustrandas
651 2902 826 2962 necessaria
847 2896 1124 2985 esseuvidereutur.
1148 2893 1251 2977 Atque
1275 2896 1304 2956 iu
1326 2896 1408 2957 inte·
1450 2951 1453 2956 .

279 3005 348 3079 gris
376 3002 493 3083 quidem
521 3003 624 3064 uerbis
653 3000 780 3067 Graecis
807 2995 932 3065 civitate
954 2999 1088 3064 Romana
1120 2998 1265 3059 donandis
1293 3014 1407 3060 severa
1474 3053 1477 3058 .

280 3121 409 3165 censura
431 3123 504 3164 usus
527 3101 645 3183 θείω),
666 3106 795 3186 itemque
817 3105 847 3163 in
867 3101 1137 3186 corrrpositionibus
1154 3101 1315 3162 verborum
1332 3104 1364 3163 et
1379 3101 1408 3160 in

279 3203 509 3266 declinationum
531 3205 634 3266 lormis
655 3209 688 3266 et
706 3207 734 3265 iu
750 3207 908 3268 structuris
930 3226 966 3270 ac
986 3205 1094 3283 figuris
1117 3205 1149 3264 si
1172 3219 1269 3285 quae
1288 3201 1408 3263 Graeco

280 3306 391 3368 sonte
410 3306 732 3370 cecidisseutnon
749 3308 959 3388 comprobavit
974 3308 1030 3369 nisi
1047 3323 1196 3386 „parce
1220 3299 1407 3366 detorta“

282 3406 385 3488 (dtr.
400 3407 451 3472 52¹
465 3409 528 3491 sq.)
546 3405 601 3487 ΙὋ).
643 3407 675 3471 Α
697 3427 757 3490 qua
777 3427 890 3473 summa
911 3411 985 3489 lege
1007 3396 1118 3472 suant
1138 3407 1283 3486 nusquam
1304 3402 1407 3466 desci-

278 3512 335 3591 vit,
355 3511 397 3575 lta
420 3512 450 3573 in
471 3511 601 3589 singulis
624 3511 743 3573 dicendi
762 3512 929 3590 generibus
951 3513 1131 3592 edingendis
1165 3530 1183 3570 a
1204 3506 1295 3569 solito
1317 3510 1408 3588 atque

280 3615 361 3678 inani
382 3613 573 3678 formularum
596 3632 670 3690 usu,
695 3631 782 3696 quem
804 3615 952 3696 Virgilius
976 3617 1132 3695 ceterique
1157 3609 1315 3692 aliquando
1342 3628 1407 3671 am-

313 3902 361 3970 49)
380 3901 438 3956 Vid.
459 3899 515 3955 Sat.
541 3899 566 3964 l,
592 3907 640 3967 10,
660 3909 743 3958 20—
761 3911 803 3960 30.
829 3903 861 3958 de
884 3902 988 3957 Lucilla
1021 3899 1172 3968 ,‚Gauusiui
1199 3913 1272 3950 more
1299 3895 1407 3948 biliu-

384 3989 489 4056 guis“
523 3986 622 4039 loonio.
666 3983 793 4058 Exempla
817 4003 848 4042 ex
870 3986 982 4052 Plauto,
1009 3983 1127 4046 Lucilio,
1156 3985 1270 4052 ipsoque
1296 3977 1408 4032 lloraiio

384 4076 513 4141 congesta
531 4071 580 4122 tibi
600 4070 736 4128 commode
755 4071 965 4143 suppeditabunt
981 4069 1122 4122 Passov.
1145 4072 1198 4118 not.
1218 4067 1277 4119 141.
1299 4061 1409 4116 Orell.

270 4191 274 4196 -
383 4156 417 4210 ad
436 4158 451 4211 Ι.
469 4172 490 4217 c.
512 4157 653 4213 lletzel.
673 4155 729 4210 lior
750 4157 816 4227 0pp.
836 4157 893 4210 lad.
911 4155 985 4224 Sym.
1012 4171 1037 4222 p.
1055 4159 1098 4211 98.
1114 4149 1257 4205 Passov.
1276 4155 1330 4204 not.
1352 4153 1408 4206 181.

314 4271 362 4340 ⁵0)
384 4267 509 4329 Beruh.
531 4274 558 4324 in
578 4285 649 4324 oens.
665 4268 787 4323 Peerllr:
813 4270 977 4334 „llorazeus
1003 4263 1156 4318 Grituismon
1183 4271 1271 4320 aretem
1296 4263 1409 4334 uirgcnd

382 4357 453 4410 allzu
471 4356 573 4411 sulrroil
589 4357 641 4410 und
660 4373 717 4410 zum
749 4353 888 4407 Naolrtheil
909 4351 956 4405 der
975 4350 1152 4406 Derriliclrlreii
1171 4353 1236 4420 (wie
1255 4356 1322 4405 eiua
1342 4349 1409 4404 belm

384 4441 517 4512 Propera)
536 4443 645 4498 horror.
