3046 5224
1204 347 1247 414 ‘lt

102 541 192 607 562.
215 542 310 604 Trist.
334 539 396 620 lV,
422 537 477 618 10,
506 535 575 602 128.
597 537 665 600 Aur.
693 537 723 618 l,
751 538 807 619 15,
833 536 894 604 382
922 541 982 618 „ia
1010 541 1076 602 toto
1098 537 1245 619 plurimus

105 647 191 709 urhe
220 644 343 724 legar‘t
386 643 427 704 lit
453 643 498 706 sic
528 641 703 722 „plurimus
734 643 763 702 in
794 641 971 706 ironure“
998 638 1093 724 (quaa
1116 637 1242 702 Oudon-

103 749 215 828 dorpii
250 750 282 810 et
312 743 513 824 cuninghami
550 743 719 806 emendatio
753 747 820 824 est,
859 745 988 826 probata
1014 739 1243 822 Peerlkampiu)

103 848 239 912 Graece
261 864 335 908 sane
355 850 441 910 esset
464 851 608 918 πλεῖστος
631 841 674 910 olo
695 845 728 910 iv
747 848 792 931 τῷ
811 845 946 932 ἐαυίνῳυ
965 845 1021 908 sed
1042 847 1106 908 aaa
1118 843 1242 924 antiqua

103 952 223 1030 lectio,
249 949 430 1029 videturque
454 947 599 1010 Horatius
621 947 807 1028 praetulisse
832 948 1016 1012 Graecorum
1041 947 1201 1025 imaginem
1223 963 1242 1006 a

107 1055 237 1116 flumine
260 1052 394 1129 ductam,
416 1069 503 1131 quarn
529 1052 561 1112 et
579 1048 650 1110 alibi
669 1051 795 1114 secutus
814 1055 875 1112 cst.
895 1051 1019 1130 ‘ilurln
1041 1049 1136 1130 Hipp.
1156 1044 1239 1112 4432

109 1153 242 1238 Κύπρις
260 1148 321 1235 γάρ
340 1148 380 1216 ou'
401 1145 547 1234 φορητόν,
568 1149 604 1229 ἢν
624 1145 746 1228 πολλῆ
772 1149 810 1233 [l.
833 1169 862 1216 e.
885 1152 995 1232 multa,
1024 1153 1107 1230 tuta,
1134 1146 1241 1232 ulmis)

107 1257 204 1344 ῥυῇ,
226 1275 270 1318 so.
292 1254 465 1338 delicatulo
485 1255 593 1334 ydros:
620 1256 704 1318 cuius
727 1271 839 1316 versus
860 1273 972 1318 memor
994 1254 1139 1318 Horatius
1159 1255 1239 1316 scri-

107 1357 372 1444 portellae:
396 1357 463 1435 „in
489 1374 541 1417 me
565 1359 649 1420 tota
672 1357 972 1420 ruensVenus“.
991 1351 1239 1436 Pseuduplrocyl.

111 1462 212 1540 Eleg.
233 1480 264 1521 v.
288 1457 359 1522 192.
385 1459 532 1537 Burgi:
562 1459 650 1536 Mnd'
675 1457 714 1533 la
733 1457 835 1542 ἔρωτα
857 1454 1002 1541 quomado
1022 1457 1123 1533 ἅπας
1155 1453 1239 1538 ρἰὖ-

110 1588 188 1654 σῃς
210 1559 390 1634 ἀκάθεκτος.
419 1563 473 1626 Sic
493 1578 587 1644 porro
610 1561 648 1622 de
672 1559 730 1624 lrao
750 1563 817 1643 ipsu
837 1579 888 1642 re,
909 1562 947 1624 dc
962 1580 1021 1644 qua
1042 1563 1157 1641 agitur,
1179 1584 1241 1623 aro-

111 1667 169 1743 λύς
191 1663 268 1749 ῥέων
291 1663 451 1728 Denrosth.
474 1665 511 1726 de
530 1662 602 1728 Cor.
625 1684 656 1744 ρ.
673 1663 747 1727 272.
766 1663 815 1744 Β,
836 1665 887 1726 uiri
912 1669 1013 1728 orator
1027 1665 1159 1746 Philippi
1171 1664 1238 1744 ry·

111 1769 189 1834 tirou
210 1769 396 1848 Byzantius,
429 1767 477 1827 cui
502 1766 590 1828 solus
615 1765 742 1830 Athenis
764 1766 888 1847 obloqui
909 1771 1032 1847 poterat
1051 1765 1238 1830 Demostle-
1269 1803 1273 1818 υ

112 1891 191 1951 nes,
214 1865 450 1950 θρασυνόμενος
476 1872 530 1928 ναὶ
550 1865 671 1942 naria
693 1864 790 1956 ῥέον
813 1867 929 1930 dixisse
951 1868 1076 1950 dicitur,
1099 1869 1240 1948 honest,

116 1973 262 2036 multus
283 1973 297 2032 i
303 1971 430 2047 luens,
454 1973 488 2028 ut
508 1970 576 2048 ipse
601 1969 745 2031 lloratius
768 1970 836 2034 Sat.
858 1968 883 2049 i,
905 1969 936 2050 ⁷,
960 1969 1013 2035 28.
1034 1969 1241 2056 (νίἀ.ΒοοίΙ.)

115 2077 228 2140 Latine
249 2072 388 2134 reddidit.
430 2070 516 2154 Quod
537 2071 631 2148 igitur
654 2072 769 2134 Noster
788 2071 818 2132 ir.
840 2072 861 2133 l.
886 2076 1031 2154 novavit,
1064 2073 1121 2138 lroc
1152 2090 1240 2135 unum

115 2185 186 2259 cst,
219 2177 300 2259 quod
321 2192 378 2255 pro
402 2191 455 2251 eo,
486 2171 565 2254 quod
588 2178 637 2236 est
664 2174 837 2254 „plurimus
860 2175 993 2258 duens“,
1022 2178 1158 2240 breuiter
1179 2175 1238 2239 ad-

117 2279 238 2341 modum
264 2296 299 2339 ac
318 2275 493 2356 simpliciter
515 2274 639 2356 scripsit
668 2275 856 2356 plurimus
884 2279 914 2340 ln
932 2279 1054 2342 lunonis
1084 2279 1236 2355 honorem,

119 2385 154 2442 ut
171 2381 248 2442 alias
270 2377 379 2441 Graeci
397 2373 571 2448 δεινότατος
591 2377 622 2450 ἐς
642 2378 761 2458 (durio.
784 2379 880 2443 Andr.
901 2379 999 2460 159„
1018 2400 1074 2446 uec
1095 2383 1238 2446 dubim.

116 2484 204 2562 dum,
233 2483 301 2564 quin
330 2481 359 2540 iu
386 2495 423 2538 ea
452 2493 572 2558 quoque
604 2497 638 2540 re
670 2478 799 2544 feliciter
827 2481 927 2545 audax
955 2485 1062 2546 inerit:
1097 2490 1241 2560 πλεῖστος

117 2581 200 2667 ῥυεὶς
222 2582 253 2657 ἐς
276 2575 386 2654 κλυτὰς
408 2573 499 2660 τομὰς
527 2597 554 2638 s.
577 2578 609 2654 ἐς
638 2581 784 2656 ἐπαίνους
810 2583 856 2667 [ln
876 2584 1037 2666 honorem,
1066 2589 1131 2649 vid.
1154 2585 1193 2652 G·
1215 2586 1240 2665 i,

117 2685 172 2769 26,
197 2685 253 2767 10)
276 2684 400 2768 Ἥρας,
431 2701 496 2744 wer
515 2680 580 2744 sich
605 2683 658 2744 mit
682 2684 864 2766 michtigem
887 2689 1049 2750 Rededuss
1071 2689 1242 2753 varhreitat

118 2789 192 2852 dher
222 2787 281 2850 den
303 2787 489 2867 llirreupreis
512 2785 567 2848 der
587 2784 684 2866 Juno,
719 2787 788 2866 vel,
820 2791 853 2850 ut
877 2788 1091 2868 Bernhardyus
1115 2789 1240 2867 mauult,

121 2909 213 2972 „wer
232 2892 287 2951 ani
302 2891 359 2952 der
377 2890 455 2951 luno
478 2887 575 2950 ilulrm
596 2889 681 2949 seine
704 2889 795 2953 Krait
813 2890 935 2952 setut“.

224 2991 380 3072 Reliquum
403 2995 471 3070 est,
494 2995 527 3052 ut
548 2990 586 3051 de
610 2989 737 3054 Graecis
757 2994 877 3073 poetis,
902 2993 951 3076 qui
974 2991 1102 3054 Horatio
1123 2991 1240 3054 olover-

126 3093 183 3152 sati
204 3093 280 3173 sint,
302 3095 407 3174 paucis
429 3093 585 3156 dicendum
608 3093 762 3158 videatur.
805 3095 989 3179 Quamquam
1009 3096 1087 3156 enim
1109 3093 1147 3156 de
1170 3111 1241 3157 cer-

127 3193 164 3254 tis
193 3195 368 3258 carminibus
396 3197 426 3258 in
462 3194 644 3257 Athenarum
671 3202 704 3262 et
732 3197 888 3278 Augurum
919 3197 1035 3260 laudem
1067 3198 1243 3280 compositis
1313 3273 1318 3280 ,

124 3293 191 3356 nillil
214 3297 271 3358 ianr
294 3299 411 3370 restat3
445 3295 646 3360 nobilissimas
673 3303 772 3362 tamen
798 3300 947 3365 Graeciae
972 3303 1063 3364 urbes
1088 3320 1161 3362 suos
1183 3317 1242 3361 ua-

125 3400 186 3459 ctas
205 3416 277 3460 asse
296 3399 526 3462 laudatores-
542 3400 611 3461 siue
635 3399 772 3484 ἐγκώμια
793 3421 893 3465 earum
915 3407 1159 3484 eorrrposuerunt,
1174 3403 1243 3464 aive

125 3498 156 3563 lu
174 3497 301 3587 παρόδῳ
324 3521 425 3564 earum
448 3502 659 3584 meminerunt,
691 3509 724 3568 ut
747 3504 909 3570 Choerilus
937 3505 966 3565 in
988 3505 1123 3567 Persicis
1151 3509 1245 3566 -et

126 3605 195 3666 satir
217 3604 362 3668 credibile
385 3608 451 3684 est,
471 3606 505 3666 et
522 3602 662 3668 Athenas
684 3611 768 3670 certe
789 3628 807 3670 a
829 3609 931 3687 poetis
949 3607 1147 3688 popularibus
1167 3623 1243 3669 oau-

127 3708 203 3768 tatas
224 3723 295 3767 esse
314 3711 462 3770 testantur
483 3706 663 3770 Athenaeus
686 3709 740 3784 Vl,
764 3709 840 3774 229.
861 3711 897 3771 Ε.
918 3713 951 3773 et
971 3709 1120 3770 Pindarus
1142 3705 1244 3772 rard

128 3807 178 3870 ia:
200 3807 250 3872 Αἵ
271 3831 304 3872 τε
322 3815 452 3892 λιπαραὶ
470 3815 523 3876 καὶ
544 3808 745 3891 ἀοίδιμοι,
767 3807 910 3886 Ἑλλάδος
930 3808 1075 3893 ἔρεισμα,
1104 3807 1247 3887 Ἀθῆναι,

129 3906 155 3968 ir.
176 3908 195 3969 i.
223 3909 265 3974 iit
297 3910 476 3993 splendidae
506 3917 540 3976 et
556 3913 700 3974 ‘carmine
728 3911 886 3996 celebres,
924 3915 1071 3980 Graeciae
1099 3911 1245 3989 columen,

130 4007 271 4072 Alienae.

221 4133 253 4176 v.
278 4112 367 4195 9sq.
412 4117 576 4199 Argos-
602 4115 756 4198 Myconus
771 4149 814 4162 —
837 4118 1068 4194 Lacedaemon]
1094 4117 1158 4176 ilas
1180 4115 1247 4196 ipsa

132 4211 192 4278 lunc
216 4221 430 4281 commemorat
460 4221 541 4300 apud
572 4219 601 4282 H
609 4237 775 4282 umerum
806 4221 898 4282 urbes
928 4218 985 4279 sibi
1013 4217 1184 4279 carissimas
1214 4224 1246 4278 et

70 4372 74 4378 .
133 4317 260 4400 tauquam
283 4319 527 4402 domicillam,
552 4321 587 4384 il.
609 4321 664 4400 lv,
688 4319 749 4386 51:
