3072 5180
288 319 331 386 58
414 402 417 410 .

394 527 427 569 u.
455 503 484 568 1.
498 515 512 522 ''
537 503 632 568 Veios
656 501 805 587 Faunus]
840 505 968 583 „Latini
996 508 1124 586 poetae,
1168 508 1219 589 qui
1248 507 1423 572 Latinorum

291 610 457 690 priscorum
482 606 558 668 deos
581 608 613 669 et
636 619 725 668 saera
747 604 957 668 cumGraecis
975 607 1117 670 solebant
1139 623 1332 688 oomponero,
1357 609 1422 670 ho-

292 710 383 770 iiuum
407 707 538 769 Faunum
566 725 630 768 oum
654 705 774 768 Graeco
805 705 907 768 Pane
938 708 1176 786 eomponehant3
1207 727 1302 789 quaro
1331 728 1421 792 quum

291 809 339 873 lrio
359 804 520 892 ὀρειβάτης
540 807 597 885 sit,
623 807 674 868 ille
704 808 786 887 apud
809 807 966 872 Horatium
988 808 1112 869 velox
1137 806 1296 891 (heheod).
1316 815 1365 873 est
1388 815 1421 874 et

291 913 321 973 in
343 910 477 973 Arcadio
496 909 659 1001 Lycaeum,
683 910 757 972 Paul
778 928 896 973 saeuum
917 915 1057 990 montem,
1083 911 1288 992 ooeupavit“.
1327 911 1419 974 Dil-

290 1013 392 1075 leuh.

394 1132 428 1175 v.
447 1109 479 1176 3.
523 1113 679 1196 Defendit
695 1123 847 1176 aestatem
869 1112 1011 1196 capellis]
1036 1112 1224 1176 Graecanico
1246 1115 1334 1176 verhi
1351 1136 1417 1198 usu,

290 1219 325 1277 ut
346 1208 487 1297 α’ρῆγειν,
508 1208 635 1295 ἀμύνειν
651 1217 714 1277 τινί
733 1240 778 1295 τι,
801 1215 872 1277 vide
895 1217 1014 1297 Zumpt·
1040 1214 1094 1277 Gr.
1118 1213 1184 1275 nat.
1208 1212 1322 1297 8469.
1368 1218 1415 1283 lta

291 1319 346 1378 iam
370 1314 470 1376 Plout.
492 1312 588 1378 Most
609 1315 641 1394 4,
667 1315 698 1397 2,
722 1315 774 1380 20.

392 1436 423 1478 v.
446 1416 475 1477 7.
517 1414 638 1500 ‘moriad
662 1419 913 1503 Quemadmodum
937 1418 1048 1482 Graeci
1064 1416 1197 1480 Bucolici
1222 1435 1343 1498 caprum
1365 1421 1416 1484 ie-

289 1522 371 1584 stive
392 1518 590 1601 appellabant
610 1517 710 1602 ἄνδρα
732 1541 758 1581 s.
781 1519 874 1585 πόσιν
895 1525 956 1585 τῶν
979 1521 1084 1601 αἰγῶν.
1128 1514 1260 1580 ΤΙιὲοΰῐ.
1273 1517 1319 1580 ld.
1336 1521 1416 1603 Vlll,

288 1621 349 1686 492
371 1613 397 1686 ὦ
416 1617 520 1704 τράγε,
542 1623 599 1685 τᾶν
621 1625 728 1686 λευκᾶν
750 1624 842 1703 αἷγᾶν
865 1621 948 1705 ἄνερ,
971 1623 1021 1684 cil.
1045 1621 1135 1698 virg.
1157 1620 1223 1682 llol.
1248 1620 1315 1700 Vll,
1338 1621 1360 1682 7
1408 1647 1411 1654 ’

390 1744 421 1786 v.
446 1721 496 1788 10.
539 1723 625 1785 dulei
641 1721 764 1807 fistulo]
787 1724 1013 1786 Horrl'aunum
1038 1725 1053 1784 i
1058 1722 1186 1784 istola
1210 1723 1308 1801 donat,
1331 1741 1410 1805 quau

288 1828 337 1886 est
363 1820 474 1905 σύριγξ
501 1841 519 1883 a
542 1824 625 1885 Pano
655 1827 778 1888 inventa
809 1824 917 1906 (Virg.
942 1829 1006 1890 llol.
1031 1826 1069 1903 11,
1097 1823 1155 1903 32)
1177 1824 1368 1906 similiterque
1393 1845 1411 1887 a

288 1924 413 1986 Graeois
440 1919 533 2000 dilui}
564 1929 707 1990 vocatur.
757 1927 923 2008 Antipater
952 1929 1017 1992 Sid.
1047 1929 1076 1988 in
1105 1926 1227 1988 Pindari
1258 1927 1413 2008 epitaphio

285 2026 379 2091 Anti.
402 2026 456 2088 Gr.
481 2025 520 2105 ll,
544 2046 576 2107 pi
601 2027 650 2106 19,
674 2027 765 2093 Sloll.
791 2027 885 2090 Anth.
909 2029 932 2107 l,
957 2050 988 2111 p.
1003 2028 1065 2094 86:
1089 2024 1222 2110 Μάρτυς
1243 2025 1261 2091 ὅ
1282 2027 1413 2094 Μαινά-

283 2134 350 2200 λιος
371 2123 486 2209 erpoino<
507 2123 601 2207 θεὸς,
628 2127 725 2207 ὕμνον
747 2125 853 2203 ἀείσας
876 2125 940 2194 Τόν
962 2133 1017 2196 σέο
1041 2133 1095 2195 καὶ
1116 2134 1256 2210 νομίμων
1276 2129 1412 2213 λῃσάμε-

284 2251 337 2302 νος
362 2225 546 2293 δονάκων.

384 2347 417 2388 v.
444 2327 494 2392 11.
545 2333 670 2395 Uetioae
692 2333 848 2419 euhantis]
874 2328 1004 2400 ‘Hor-tor
1032 2339 1064 2397 ot
1094 2333 1261 2410 καθῆσθαι
1283 2332 1413 2398 Graecis

281 2430 425 2493 usitatum
452 2431 550 2495 fuisse
585 2435 614 2495 in
648 2436 826 2514 regionibus
857 2437 1013 2517 depressis
1042 2436 1081 2498 ad
1110 2437 1243 2515 speeiem
1272 2436 1412 2500 euhantis

280 2515 406 2596 huminis
428 2532 527 2616 (sauli
548 2534 694 2619 gelohnt)
718 2537 809 2602 docet
826 2537 1012 2602 Wornsdori
1032 2538 1071 2598 ad
1086 2535 1199 2598 Himor.
1215 2537 1281 2599 llol.
1296 2537 1410 2618 puali.
1519 2545 1520 2548 ’

280 2635 413 2698 Theocr.
436 2634 522 2715 Xlll,
544 2635 606 2700 40:
628 2634 730 2724 ἤμένῳ
750 2639 782 2704 ἐν
803 2637 905 2726 χώρῳ.

390 2760 423 2802 v.
445 2737 595 2804 14-16.
640 2724 705 2805 ¹Hio
727 2745 783 2805 rili
801 2748 890 2827 eopia
914 2745 1056 2806 marrubii
1079 2775 1118 2785 —-
1143 2742 1277 2822 benigno
1298 2739 1410 2824 cornu]
1456 2825 1459 2830 Ι

280 2840 412 2906 Cornu
433 2844 597 2924 oopiae,
623 2848 657 2908 ut
678 2847 708 2907 id
733 2865 833 2925 genus
858 2849 1023 2931 pleraque,
1047 2843 1231 2907 Graecorum
1253 2846 1302 2904 est
1323 2860 1409 2904 oom-

279 2948 419 3026 mentum,
442 2963 566 3028 quorum
581 2946 748 3013 iahulosum
765 2953 857 3036 κέρας
870 2950 1063 3035 Ἀμαλθείας
1077 2945 1129 3007 vel
1151 2945 1244 3025 κέρας
1255 2939 1410 3030 Ἀχελῴου

280 3045 349 3126 [vid
372 3047 464 3110 Baoh.
486 3050 515 3108 in
538 3047 631 3109 Ouid.
652 3049 696 3111 M.
718 3051 776 3132 lX,
798 3051 842 3117 88
865 3060 897 3115 et
917 3053 970 3116 91.
996 3054 1028 3114 et
1049 3048 1151 3110 Booti.
1166 3043 1316 3122 Amulii.)
1340 3047 1409 3123 pri-

280 3145 370 3206 mitus
403 3162 444 3205 ex
468 3145 661 3225 mythologia
689 3155 851 3230 repetitum
882 3155 911 3213 in
935 3150 1130 3232 proverbium
1153 3146 1264 3206 abiisse
1286 3147 1409 3205 testan-

279 3250 329 3306 tur
352 3243 467 3305 Zenoh.
493 3247 611 3306 Provr.
636 3247 675 3326 ll,
698 3247 751 3311 48.
772 3254 804 3312 ot
827 3250 916 3312 Ovid.
939 3251 974 3310 F.
997 3249 1038 3328 5,
1078 3245 1140 3309 115
1162 3260 1251 3322 seqq.
1300 3241 1408 3322 ltaque

279 3343 409 3423 Phucyl.
434 3344 485 3405 Fr.
507 3344 539 3405 2.
564 3330 657 3407 Schn.
685 3368 715 3427 p.
739 3348 798 3412 37:
826 3345 928 3430 ἀγρόν
957 3346 1019 3430 γὰρ
1044 3372 1075 3411 τε
1097 3349 1241 3427 λέγουσιν
1262 3336 1406 3420 ³Apod—

280 3449 398 3519 θείας
420 3439 681 3528 iniquissimam
697 3449 809 3532 Anaor.
824 3452 862 3510 ir.
877 3449 907 3510 7.
917 3448 1010 3509 Solm.
1021 3483 1058 3493 -
1075 3440 1406 3525 adimaoohitffirae-

281 3565 336 3610 cae
351 3551 400 3610 est
414 3547 605 3626 elegantiae:
624 3547 718 3630 ὄλβος
739 3547 863 3632 ἐπιῤῥεῖ
880 3574 949 3627 τινα,
971 3544 1118 3632 καταρῥεῖ
1136 3545 1180 3616 εἴς
1200 3568 1279 3607 τινα.
1301 3545 1406 3630 Eurip.

280 3647 364 3710 nied.
381 3649 481 3715 1229:
507 3647 601 3732 ὄλβου
624 3647 832 3737 ἔπιῤῥυέντος,
856 3669 899 3712 sc.
923 3648 1015 3731 deripi
1033 3673 1101 3713 τινι.
1121 3647 1207 3708 Bion.
1231 3645 1263 3726 l,
1287 3645 1400 3712 551-τό

276 3751 315 3813 ’δὲ
327 3755 390 3812 πᾶν
412 3747 504 3815 καλὸν
525 3752 557 3824 ἒς
580 3756 616 3814 σὲ
636 3749 798 3840 saradim,
821 3754 872 3817 oll.
896 3749 1135 3828 Theocr.1d.l,
1159 3747 1191 3810 6.
1214 3753 1247 3810 et
1268 3749 1343 3812 Hor.
1367 3749 1403 3814 (⁸.

281 3851 306 3931 l,
325 3850 378 3931 28,
393 3850 452 3914 28:
476 3854 529 3915 tihi
553 3853 710 3918 defluat
732 3875 829 3937 aequo
854 3854 891 3917 ah
914 3853 1004 3914 Jove.
1027 3852 1081 3914 Sic
1103 3849 1197 3928 solus,
1221 3853 1254 3912 ut
1275 3852 1406 3930 videtur,

281 3952 438 4016 Horatius.
473 3954 551 4016 Vide
574 3954 697 4018 lilitsoh.
717 3958 755 4018 ad
779 3955 809 4018 h.
832 3957 852 4018 1.
875 3960 907 4019 et
929 3956 1053 4018 Dissen.
1072 3953 1110 4014 ad
1133 3951 1219 4013 Pind.
1243 3952 1278 4012 P.
1301 3952 1326 4032 l,
1350 3952 1404 4015 46.

384 4077 417 4120 v.
440 4055 491 4121 18.
533 4057 598 4138 fide
626 4054 716 4141 Teio]
741 4059 954 4138 Anacreontis,
977 4058 1050 4120 vide
1076 4056 1215 4118 Prooem.
1237 4074 1270 4134 p.
1295 4072 1347 4116 xx.

382 4179 413 4220 v.
437 4159 490 4223 20.
534 4164 725 4245 vitreamque
748 4161 871 4245 Circen]
916 4160 1026 4223 Nobile
1054 4157 1127 4219 illud
1154 4155 1309 4236 epitheton
1339 4157 1404 4217 vi-

279 4259 419 4340 tream,
441 4267 475 4325 ut
490 4266 603 4325 taceam
629 4267 667 4326 de
689 4265 901 4342 inconstantia,
926 4266 1021 4323 utrum
1045 4260 1082 4320 do
1105 4259 1195 4330 viridi
1218 4276 1314 4341 aquae
1336 4278 1403 4319 nro-

278 4359 360 4420 rinae
390 4361 492 4423 colore
517 4384 554 4425 an
584 4366 621 4427 de
651 4367 815 4449 splendore
847 4363 1075 4446 pulchritudinis
1097 4361 1325 4438 intelligendum
1351 4362 1402 4440 sit,
