3046 5224
1219 363 1259 426 nt

124 551 203 617 ltem
224 551 321 613 Bion
343 552 372 612 ln
395 548 598 632 lipithalamio
622 549 751 614 Achillis
772 555 804 614 et
827 551 1019 633 Deidamiae,
1042 552 1086 615 id.
1109 551 1177 633 Vll,
1202 551 1260 616 10:

164 653 306 734 ’Ἅρπαοε
326 646 383 715 τάν
403 651 529 715 Ἑλέναν
551 648 631 715 πόθ’
654 649 671 716 ὁ
694 649 841 733 limacius,
862 649 917 736 ἆγε
936 653 1011 729 δ’ἔς
1035 651 1137 732 Ἴδαν,

170 751 291 844 Οἰνωνῃ
320 749 415 817 κακὸν
439 750 549 835 ἄλγος·
572 751 714 835 ἐχώσατο
738 755 771 817 δ’
793 753 812 816 οἱ
835 760 1052 838 Λακεδαίμων,

171 854 284 920 Πάντα
305 859 339 920 δὲ
361 847 436 918 λαόν
460 851 580 936 ἄγειρεν
601 851 759 937 Ἀχαϊκόν,
781 855 855 921 οὐδέ
877 881 922 931 τις
939 857 1047 936 Ἕλλην

174 954 257 1022 Oir‘re
277 960 476 1035 Μυκηναίων,
502 956 566 1022 o'u'r’
581 955 723 1033 Ἤλιδος,
746 955 815 1022 ou'r're
840 956 1001 1023 Λακώνων

174 1063 291 1124 Μεῖνον
310 1055 362 1122 ὲόν
382 1055 461 1124 sarci
483 1053 581 1141 θαῖμα,
604 1063 706 1144 φέρων
730 1064 829 1138 τίσιν,
851 1055 940 1124 αἷνὸν
955 1057 1067 1142 Ἄρηα.

152 1180 156 1186 ”
172 1156 366 1224 Adicere
386 1161 459 1227 δ’ἐκ
485 1159 599 1246 καῖραις
618 1167 823 1245 Αοκομηδίσι
849 1165 963 1244 μοῦνος
983 1158 1155 1244 Ἀχιλλεύς·

170 1263 264 1346 Εἴρια
284 1260 319 1327 d’
340 1259 421 1328 ἄνθ’
442 1262 546 1329 ὅπλων
569 1262 764 1343 ἐδιδάσκοντο,
787 1269 840 1330 καὶ
860 1271 928 1348 χερὶ
947 1269 1040 1350 honr}
1143 1261 1145 1266 ’

170 1361 371 1445 Παρθενικὸν
395 1362 493 1431 κόπον
514 1359 596 1448 εἶχεν
607 1364 634 1447 ¹)
663 1367 805 1449 ἐφαίνετο
828 1365 859 1432 δ’
869 1365 940 1445 rides
959 1363 1044 1448 κώρα
1065 1375 1128 1432 κτλ.

127 1466 216 1550 Quod
230 1471 324 1530 totum
337 1469 476 1550 ldyllium
499 1487 589 1553 quum
610 1489 754 1552 perquam
770 1471 900 1550 elegans
917 1471 957 1534 sit
973 1474 1005 1533 et
1019 1475 1101 1534 certe
1114 1470 1257 1534 Romanis

127 1568 311 1642 notissimum
342 1574 435 1635 inerit
457 1579 489 1638 et
511 1573 740 1636 vero-Horatio
764 1577 852 1637 etiam
881 1576 910 1636 in
935 1573 1083 1655 principio
1110 1572 1210 1638 Cornu.
1231 1575 1256 1655 i,

128 1671 179 1734 15.
206 1673 402 1738 obversatum
435 1693 506 1737 esse
530 1677 805 1755 videalnr‚'recte
836 1696 853 1738 a
882 1677 1091 1754 Wagnero
1123 1695 1189 1740 cnuu
1219 1696 1256 1740 eo

126 1776 267 1840 collatum
290 1781 349 1858 est,
374 1797 503 1861 eumque
522 1759 710 1843 recentiores
720 1779 907 1858 lnterpretes
928 1779 1026 1840 secuti
1040 1783 1118 1840 sunt.
1142 1779 1256 1860 Quam-

128 1896 215 1958 quam
238 1882 348 1962 siquis
366 1882 445 1942 velit
465 1901 621 1962 pugnare,
645 1883 673 1942 ln
698 1899 732 1944 re
752 1886 811 1942 tam
835 1881 980 1942 communi
1003 1897 1060 1940 non
1085 1879 1157 1941 licet
1178 1898 1255 1941 con·-

129 1979 256 2040 tendere
277 1983 470 2046 incitationem
493 1999 565 2043 esse
586 1985 705 2046 iactam.
749 1983 834 2066 Quod
858 1985 956 2043 antem
978 1980 1123 2042 Horatius
1145 1979 1257 2043 Aelnil-

128 2080 187 2141 lem
209 2084 383 2145 marinae
405 2075 536 2144 tll'inm
559 2085 742 2149 Thetidis
764 2085 852 2162 dixit,
875 2084 904 2144 in
925 2101 961 2145 ec
984 2083 1253 2165 tortasselluripi-

127 2181 196 2242 dem
219 2201 304 2244 snum
325 2189 451 2248 secotns
473 2190 530 2265 est,
554 2189 604 2268 qni
628 2189 670 2250 ita
693 2188 828 2267 saepius,
852 2185 949 2248 Andr.
970 2182 1046 2247 1082
1066 2196 1141 2258 παῖς
1164 2182 1253 2261 ἁλίας

129 2283 274 2362 Θέτιδος,
294 2285 359 2366 lph.
379 2285 422 2348 Α.
442 2283 525 2351 836:
556 2283 581 2351 ὦ
603 2293 682 2363 θοᾶς
704 2300 767 2353 παῖ
786 2289 1112 2371 ποντίαςΝηρηίδος,
1133 2288 1213 2350 aiiii.

232 2405 264 2446 v.
299 2387 335 2451 m
364 2407 412 2470 sq.
456 2391 513 2451 aad
536 2391 704 2453 lacrimosa
731 2390 843 2452 Troiae
870 2385 1015 2472 Funera]
1060 2391 1126 2454 Ηοο
1155 2411 1255 2470 genus

126 2483 245 2548 dicendi
273 2488 311 2550 ad
342 2492 512 2572 exemplum
543 2493 695 2556 Homerici
723 2496 862 2572 πολέμου
893 2487 1168 2570 δακρυόεντος
1197 2513 1255 2556 suo

125 2605 208 2649 more
227 2587 417 2674 composuit,
446 2613 535 2676 qnnm
558 2585 715 2676 epitheton
738 2595 879 2671 retinnit,
904 2593 1015 2655 bellum
1037 2594 1060 2653 ¹i
1068 2595 1255 2658 oneribus

123 2693 263 2770 mutavit,
285 2694 392 2774 quibus
416 2696 468 2757 rel
493 2696 606 2758 caedes
627 2699 813 2778 stragesque
834 2712 891 2774 per
913 2696 1008 2775 ipsum
1030 2696 1140 2757 bellum
1156 2697 1254 2762 editas

123 2790 382 2878 (0.i,15,10)‚
402 2798 454 2858 vel
475 2796 643 2861 luctuosum
668 2801 760 2860 totius
781 2799 952 2860 certaminis
974 2799 1087 2858 exitum
1110 2798 1254 2882 urbisque

123 2893 270 2956 excidium
295 2897 348 2977 (O.
372 2898 397 2980 i,
420 2898 473 2979 37,
495 2897 534 2982 8]
556 2901 756 2980 significaret.
809 2900 930 2960 llomeri
960 2897 1130 2978 exemplum
1158 2901 1252 2980 priori

126 2995 324 3077 explicationi
347 3003 448 3080 magis
473 3003 567 3064 iavet.

226 3119 256 3162 v.
282 3101 322 3165 15
345 3122 392 3184 sq.
436 3125 477 3164 ne
507 3105 605 3166 virito
632 3103 744 3165 cottae
768 3107 802 3166 a'n
833 3104 962 3165 caedem
992 3113 1023 3166 ei
1045 3102 1162 3186 Itpcioe
1178 3129 1254 3190 pro-

124 3201 239 3281 mperei
259 3201 417 3287 cataroae]
449 3204 516 3268 Huc
536 3207 640 3268 iacere
660 3223 719 3268 non
740 3206 848 3268 iniuria
870 3206 992 3268 videtur
1016 3207 1255 3274 lilitsclnerliclrio

122 3301 209 3364 locus
232 3305 397 3370 Pindari
421 3307 506 3370 Nem.
520 3308 572 3385 lll,
593 3307 647 3370 57.
663 3309 710 3387 it,
736 3308 785 3368 nbi
809 3307 959 3389 Achilles,
979 3313 1151 3395 priusquam
1172 3315 1251 3394 apud

123 3406 325 3487 Lycomedem
348 3410 485 3492 delituit,
509 3430 527 3472 a
554 3409 685 3474 Chirone
710 3409 865 3474 Centauro
888 3411 999 3474 adres
1024 3434 1152 3496 magnas
1174 3417 1252 3479 edu-

123 3513 210 3572 catns
242 3531 312 3574 csse
340 3514 465 3593 dicitur,
494 3516 526 3576 ut
557 3512 718 3593 aliquando
747 3513 836 3574 etiam
861 3511 1013 3575 hastarum
1037 3535 1158 3596 pugnas
1178 3537 1252 3579 sos·

123 3613 250 3676 timeret:
272 3611 355 3698 ὄφρα
375 3649 416 3660 -
440 3620 597 3698 πεμφθεὶς
621 3608 680 3676 ν’πὸ
703 3618 820 3693 Τροΐαν
840 3617 1085 3692 δορίκτυπον
1108 3615 1256 3684 dietis

44 3800 50 3808 Ι
123 3721 284 3779 Λυκίων
313 3739 346 3778 τε
375 3721 606 3798 αροςμένοι
633 3720 684 3777 καὶ
710 3720 845 3796 Φρυγῶν
873 3719 1108 3799 Δαρδανῶντε.
1159 3721 1255 3808 Qnanr

123 3819 303 3881 senteutiam
329 3817 457 3880 Horatio
490 3820 686 3881 obversatam
718 3835 788 3878 csse
813 3818 840 3878 si
868 3823 953 3882 recte
979 3819 1033 3882 tibi
1051 3827 1256 3903 persuaseris,

119 3915 305 4001 improbatis
329 3919 564 4000 explicationem
579 3919 783 3982 Orellianam:
805 3921 863 4000 „in
883 3923 1017 4005 caedem,
1042 3943 1128 4008 qnam
1151 3928 1255 3991 tactu-

122 4040 175 4084 rae
200 4026 271 4086 snut
293 4023 409 4102 byciae
433 4029 591 4086 catervae.
601 4024 623 4060 ‘⁴
665 4021 734 4084 vid.
759 4024 835 4088 llxc.
857 4023 912 4086 iv.
937 4026 1082 4106 Append.

129 4123 332 4150 -l——.

175 4191 205 4260 1>
223 4194 240 4244 i.
264 4198 289 4246 ο.
308 4191 650 4261 Virgineumlaborem
676 4190 803 4248 ilabebat.
845 4191 893 4247 Est
924 4196 1080 4246 coniectura
1100 4191 1254 4266 Scaliger13

224 4267 341 4330 veterem
359 4281 519 4348 scripturam
541 4277 624 4345 κόρον
639 4280 752 4332 retinuit
768 4277 909 4333 Meineclre
928 4282 954 4330 et
972 4275 1097 4332 illucens..
1135 4278 1257 4336 Corrieeit

225 4359 406 4414 llermannus:
426 4362 610 4429 Hapdsmutv
628 4361 717 4430 spdae’
744 4361 854 4430 ἀνεῖχεν,
873 4362 916 4414 cll.
937 4359 1044 4418 Henioc.
1058 4360 1129 4432 Ἔργ
1147 4369 1207 4422 536.
1229 4375 1254 4418 ei

225 4445 396 4500 Stetiolnill.
412 4444 433 4508 i,
449 4452 498 4504 561
520 4461 580 4515 sqq.
613 4445 685 4500 idem
705 4451 732 4500 in
749 4462 790 4500 vs.
806 4447 865 4502 tt:
894 4447 986 4516 poyeio
1004 4445 1255 4519 indemnatione,

226 4547 304 4598 quum
326 4534 352 4584 in
371 4529 447 4583 libris
466 4533 593 4598 scriptum
614 4533 650 4583 sit
669 4531 760 4598 pipam
781 4529 866 4583 dccciv
884 4526 955 4582 α’νᾰν
974 4526 1056 4598 ἄρνα.
