3072 5180
484 555 573 638 Τύχα
593 539 740 636 μερόπων
764 549 849 638 ἆρχά
871 559 924 620 καὶ
946 557 1054 640 τέρμα,

484 655 522 722 uui
544 662 598 722 noi
617 659 733 739 σοφίας
759 651 834 730 ιἰἰιος
857 659 943 743 δρᾷς,
964 664 1017 724 καὶ
1035 655 1128 742 tapeta

487 759 630 846 βροτέαις
653 757 813 836 ἐπέθηκας
837 757 953 842 ἔργοις,
1029 781 1032 786 ·

486 855 596 946 καὶτὸ
616 855 713 925 aeter
733 862 827 926 πλέον
847 860 866 942 ιῖ
888 859 982 930 κακόν
1004 863 1038 935 ἐκ
1061 867 1169 943 σέθεν,

488 961 507 1026 ἃ
526 989 559 1030 τι
581 961 672 1048 χάρις
691 959 803 1045 λάμπει

486 1071 561 1150 περὶ
580 1063 639 1131 σαν
663 1066 802 1148 πτέρυγα
825 1067 978 1158 χρυσέαν·

495 1172 548 1233 καὶ
569 1162 678 1254 rerer}
703 1165 869 1249 πλάστιγγι
891 1171 988 1234 δοθὲν

434 1343 437 1347 ,
488 1267 759 1352 μαιιαριστότατοι
780 1271 909 1337 τελέθει.

487 1369 525 1437 τι)
545 1367 765 1454 δἰἷμαγαιίας
786 1370 887 1460 πόρον
905 1367 983 1448 εἶδες
1007 1373 1038 1438 ἐν
1060 1369 1178 1459 ἄλγεσι,
1199 1413 1201 1416 -

399 1533 404 1544 .
489 1479 543 1540 καὶ
563 1470 707 1557 λαμπρὸν
725 1472 807 1558 φάος
825 1472 941 1558 ἄγαγες
960 1476 994 1542 ta
1016 1473 1131 1562 σκότῳ,

491 1573 730 1661 προφερεστᾶτα
750 1579 846 1640 θεῶν.

283 1681 391 1746 [atine
416 1681 461 1745 sie
482 1681 578 1744 uertit
598 1671 718 1741 divinus
742 1677 848 1759 homo,
870 1697 929 1741 non
947 1697 1005 1742 uno
1027 1680 1096 1744 loeo
1112 1681 1232 1746 Horatii
1252 1697 1384 1743 memore

366 1827 369 1832 -
493 1781 619 1848 Cunctis
631 1782 817 1864 principium
839 1781 931 1842 rebus
950 1785 982 1845 et
1001 1785 1115 1862 exitus,

490 1885 517 1949 0
540 1885 673 1947 Fortuna
696 1886 823 1965 potens,
846 1903 926 1968 quae
947 1887 1117 1966 sapientiae

490 1989 609 2052 Famam
633 1985 688 2048 das
709 1985 877 2069 hominum,
897 1987 979 2068 diva,
1000 1979 1175 2050 laboribus:

491 2088 590 2150 Multo
614 2089 702 2169 piore
725 2090 779 2152 tibi
803 2108 954 2172 prospera
976 2091 1115 2153 tristibus
1210 2083 1214 2094 '

489 2189 657 2252 Debentur.
701 2190 849 2274 Sequitur
872 2193 993 2272 gratia,
1014 2210 1074 2274 quo
1094 2192 1153 2256 iooi
1196 2264 1202 2286 1
1300 2253 1305 2261 ,

491 2293 615 2355 Pennee
638 2293 796 2371 remigium
820 2295 851 2355 te
872 2292 966 2357 vehet
985 2312 1106 2356 aureae.

490 2392 542 2456 Nil
565 2391 621 2457 est'
636 2395 824 2476 prosperius,
846 2394 947 2476 nilque
971 2396 1131 2459 seeundioo

489 2495 585 2572 Quam
609 2496 713 2560 lances
736 2495 844 2559 homini
867 2496 947 2576 quod
969 2497 1101 2560 tribuant
1125 2498 1206 2558 tuae.

489 2597 539 2660 Tu
562 2617 636 2681 spes
659 2599 797 2662 sollicitis
822 2615 880 2658 una
903 2596 1075 2659 laboribust

489 2699 539 2764 'l'u
560 2705 678 2767 noetem
702 2700 801 2764 subito
821 2697 930 2760 lumine
954 2699 1098 2763 discutis:

491 2802 608 2868 Numen
630 2808 662 2870 te
682 2803 786 2867 meiius
806 2819 935 2864 noseere
956 2821 1018 2864 non
1039 2801 1137 2864 datur.
1337 2883 1339 2890 s

280 2903 314 2966 ln
334 2903 454 2968 Pindari
474 2906 543 2972 loeo
566 2905 905 2986 observandum-emt,
933 2905 1098 2968 Fortunam
1126 2899 1243 2984 iovis
1275 2893 1403 2955 filiam
1512 2947 1513 2954 ,

280 3007 333 3087 (ef.
353 3007 439 3072 Hem.
457 3007 493 3071 11.
511 3007 599 3088 xlx,
619 3007 681 3073 91:
704 3009 830 3094 πρέσβα
850 3002 928 3083 Διὸς
947 3005 1091 3092 θυγάτηρ
1107 2998 1214 3084 Ἄτη.)
1235 2999 1267 3060 et
1286 2995 1403 3057 domi-

278 3124 362 3168 nam
386 3112 575 3191 aequoris
596 3110 706 3172 dietam
732 3129 823 3185 esse3
846 3111 928 3192 apud
944 3103 1244 3184 Pseudoaeseiryiom
1262 3097 1320 3160 hoe
1334 3117 1403 3160 ma·
1512 3187 1513 3192 γ

278 3208 359 3268 xime
381 3209 573 3272 memorabile
594 3209 736 3290 vinoun,
765 3210 846 3292 quod
879 3229 965 3293 quum
994 3210 1098 3270 eedem
1121 3205 1265 3281 benigna
1281 3219 1317 3265 ae
1341 3219 1413 3280 po-’

281 3309 448 3374 tentissime
477 3303 534 3372 dee
556 3313 607 3393 sit,
632 3315 694 3374 tum
718 3314 809 3375 etiam
833 3311 949 3373 Jovis
973 3307 1120 3370 trutina
1142 3300 1249 3385 (Hom.
1270 3299 1405 3380 invni,

278 3409 331 3476 69.
354 3409 444 3491 Virg.
468 3411 538 3493 XII,
558 3406 649 3494 725.)
670 3410 782 3476 donata
811 3415 879 3489 est,
903 3412 936 3472 et
957 3404 1038 3486 quod
1058 3404 1207 3468 alarum
1230 3405 1404 3484 remigio

279 3515 387 3596 utitor,
418 3516 451 3579 ut
481 3514 563 3596 apud
583 3511 740 3576 Horatium
770 3511 806 3576 C.
829 3511 863 3592 1,
887 3505 1015 3587 34,15.
1066 3506 1132 3569 Sed
1159 3506 1218 3572 imo
1246 3508 1403 3571 minusad

269 3633 360 3696 rem,
382 3617 457 3679 iilud
477 3615 643 3698 praecipue
664 3605 844 3692 notandum,
875 3628 939 3674 eom
968 3609 1056 3672 Jovis
1083 3612 1153 3675 viee
1180 3631 1217 3674 ae
1239 3612 1403 3675 ministerio

283 3715 383 3796 iungi,
405 3720 439 3780 ut
458 3721 509 3797 ap'
524 3717 612 3778 Hom.
635 3710 670 3777 11.
689 3712 784 3793 ΧΙΧ,
803 3711 856 3780 87.
880 3711 932 3778 91.
962 3717 1074 3799 Μοῖρα
1089 3709 1227 3797 Ἐριιιιὶς
1241 3710 1317 3792 ’Ἀιη
1341 3714 1407 3775 eius

277 3814 432 3878 ministrae
470 3819 548 3877 nont.
600 3815 634 3875 in
659 3816 844 3897 eandemque
871 3817 1051 3881 sententiam
1080 3818 1185 3880 confer
1213 3833 1299 3899 quae·
1321 3815 1404 3880 dieta

280 3981 482 3995 -u--fl—

287 4145 291 4152 .
379 4111 430 4153 neo
457 4099 561 4168 reeepit
580 4096 753 4158 Hermaunus.
796 4097 983 4164 Verumtamen
1011 4105 1074 4172 quin
1099 4107 1274 4176 perantiquus
1299 4106 1337 4159 sit
1359 4103 1404 4160 nei

347 4240 352 4247 ,
378 4197 438 4238 eam
457 4181 492 4237 ob
509 4196 626 4239 eaussem
651 4185 680 4235 iu
705 4181 812 4236 dubium
841 4190 933 4241 voeari
955 4203 1010 4242 non
1030 4194 1132 4258 potest,
1158 4190 1231 4262 quod
1247 4203 1264 4243 a
1282 4189 1402 4244 Stobeeo

378 4267 468 4322 multis
493 4267 556 4322 aliis
582 4273 700 4324 ueterum
726 4272 866 4336 puetarum
881 4271 949 4326 loeis
971 4275 1146 4342 interpositus
1164 4277 1205 4332 iiii
1223 4274 1402 4340 adseribitur3

245 4383 259 4415 u
378 4365 489 4422 eumque
511 4355 677 4420 posteriores
697 4353 793 4407 imitati
811 4353 943 4424 uidentur,
964 4358 1023 4414 vide
1042 4357 1058 4413 J
1067 4360 1174 4416 aeobe
1196 4358 1272 4418 nunu.
1292 4359 1322 4417 T.
1342 4359 1401 4420 xli.

375 4448 436 4505 pag.
456 4439 513 4492 115.
