3046 5214
1209 372 1252 438 53

226 583 255 624 v.
278 561 331 626 35.
376 566 452 624 Post
476 572 578 624 certos
604 561 718 620 dictares
740 568 809 620 oroi
831 563 990 624 Acdoicaaa

130 695 132 702 ·
455 666 543 745 Ignis
571 664 684 722 iliacus
707 658 826 742 dornos]
864 661 976 722 Confer
999 664 1179 742 persimilem
1202 663 1251 724 lu-

126 784 189 825 cum
212 763 368 824 Homeri
393 764 447 822 iam
470 763 733 842 supralaudatum
760 760 961 839 luximus
978 769 1009 826 ut
1025 765 1252 846 xxissiasqa

230 899 272 907 -—
295 859 392 926 ὁπότ’
417 861 455 924 ἂν
478 868 574 944 Τροίη
596 868 719 948 μαλερῷ
739 869 815 942 ormi
837 867 921 924 ιιᾶσα
945 861 1052 941 δάηται

232 966 385 1044 deiopeia,
408 969 518 1028 διιίωσι
540 963 677 1048 d'rion'uot
700 958 759 1038 υἷες
782 963 924 1046 Ἀχαιῶν.

530 1167 659 1248 Curru.
689 1169 720 1262 i,
758 1167 823 1246 ic.
923 1175 926 1179 ’

231 1333 421 1395 lielenius
447 1334 578 1397 Acron
605 1333 796 1398 scholiastes
819 1335 960 1398 adnotat:
989 1336 1105 1414 „ilaue
1127 1337 1204 1398 adun
1226 1339 1254 1396 iu

127 1437 372 1530 satisfactionem⁸
386 1438 460 1500 iecit
484 1440 597 1500 amicae
618 1456 714 1518 suae,
736 1457 821 1518 quiam
842 1440 936 1501 iratus
959 1439 1087 1500 carmine
1110 1437 1255 1514 laeserat,

128 1539 306 1617 promittens
334 1540 483 1602 abolenda
507 1559 583 1621 quae
612 1539 649 1600 do
672 1557 711 1601 ea
734 1542 920 1622 scripserat:
951 1543 1129 1610 imitatus
1155 1539 1254 1600 Ste-

128 1639 321 1700 sichorum
345 1647 472 1722 poetam·
490 1643 641 1722 Siculum,
678 1645 729 1723 qui
754 1645 1003 1722 vituperationem
1029 1642 1165 1702 scriirena
1188 1641 1255 1701 ile-

128 1742 215 1802 icuae
236 1749 379 1804 caecatur
403 1745 469 1822 est,
503 1749 535 1806 et
566 1747 676 1822 postea
698 1761 847 1822 responso
872 1743 1025 1822 Apollinis
1047 1741 1173 1802 iaudem'
1188 1743 1255 1802 eius

128 1843 252 1922 scripsit
272 1847 304 1902 et
324 1844 477 1904 oculorum
501 1849 658 1924 aspectum
683 1845 841 1921 recepit.“
886 1845 971 1904 iiunc
1005 1842 1109 1902 ducem
1141 1859 1256 1922 perpe·

130 1961 191 2004 ram
213 1945 346 2022 proi'essi
369 1963 457 2025 quum
481 1948 537 2005 iam
561 1947 736 2023 superiores
760 1943 949 2022 interpretes
974 1945 1038 2004 iere
1064 1960 1166 2004 omncs
1188 1946 1256 2006 sta-

130 2047 279 2123 tuissent,
306 2045 424 2107 Horatii
449 2047 627 2126 palinodiam
650 2044 793 2123 scriptam
819 2062 890 2105 esse
913 2045 949 2106 ad
973 2046 1164 2106 inritationem
1178 2045 1255 2106 Sie-

128 2145 347 2224 sicimreae,id
371 2146 501 2208 lanius
526 2165 619 2208 ausus
645 2149 695 2206 est
716 2144 852 2224 pluribus
878 2147 1083 2208 demonstrare
1106 2144 1187 2228 (uid.
1215 2147 1253 2206 ad

131 2268 177 2310 vs.
206 2247 270 2328 13),
315 2249 386 2308 iude
420 2249 579 2326 vulgarem
610 2247 748 2309 carminis
772 2248 904 2308 titulum:
936 2249 1021 2326 „Ad
1052 2249 1256 2328 'l'yndari-

129 2351 240 2410 dem“
264 2349 459 2429 repetendum
491 2367 564 2409 esse
585 2350 690 2412 docuit
714 2349 767 2409 Pir.
791 2350 1049 2412 Buttmanuus
1078 2354 1106 2412 in
1131 2350 1257 2431 iiiytlro-

129 2455 203 2532 logo
225 2453 264 2515 ll.
289 2475 319 2534 p.
341 2451 423 2530 301,
457 2456 542 2512 recte
572 2439 749 2531 pernegaus
775 2453 957 2514 iu'carmiue
982 2453 1145 2515 Horaiiano
1168 2454 1255 2534 quic·
1285 2524 1292 2538 Ι

113 2575 216 2637 ‚quam
240 2555 412 2620 imitationis
436 2551 605 2615 Stesichori
627 2551 741 2626 inesse.
789 2553 982 2616 Obseruauit
999 2563 1096 2616 autera
1118 2555 1254 2616 Peerl-

128 2657 303 2735 lampius
327 2657 369 2717 ita
389 2673 427 2714 ue
443 2656 516 2732 legi
539 2655 658 2736 quidem
682 2656 761 2736 apud
786 2655 946 2731 Acronem,
969 2655 1007 2718 ad
1026 2675 1112 2736 quem
1135 2674 1255 2734 provo-

128 2758 335 2818 contemnes.
380 2757 492 2817 Narrat
515 2759 590 2816 enirn
613 2757 810 2836 simpliciter,
842 2756 997 2815 Horatium
1027 2757 1103 2814 idem
1128 2757 1254 2834 iecisse,

128 2856 209 2938 quod
232 2867 322 2916 antea
343 2855 690 2934 ieceratStcsiclrorus3
714 2855 830 2914 minime
852 2855 924 2914 dicit
948 2852 1027 2912 iilum
1048 2857 1175 2916 alterius
1195 2873 1255 2934 pa-

128 2955 269 3017 linodiam
302 2955 464 3016 imitatione
498 2956 670 3034 exprimere
702 2955 848 3014 uoluisse.
904 2954 990 3034 Quod
1031 2956 1124 3031 igitur
1164 2959 1255 3016 vetus

130 3059 350 3122 Grammaticus
374 3053 495 3136 voluit,·
519 3057 547 3116 id
570 3077 633 3118 cum
658 3057 789 3117 veritate
811 3056 902 3136 piane
923 3056 1084 3133 convenit,
1113 3055 1256 3120 celelrru·

130 3159 275 3223 tissimum
307 3157 478 3239 palinodiae
508 3156 678 3239 exemplum
711 3159 805 3218 lirisse
841 3156 930 3236 ritui,
968 3177 1028 3238 quo
1060 3157 1257 3222 Stesichorus

129 3261 266 3324 Helenae
288 3261 445 3323 criminoso
471 3262 599 3322 carmine
622 3261 727 3322 laesae
739 3258 765 3341 'J
783 3260 966 3340 deprecatus
989 3268 1038 3322 est
1060 3265 1093 3322 et
1107 3280 1255 3342 oppro-

128 3365 218 3425 irria
249 3363 491 3424 recantavit.
536 3363 601 3422 iioc
622 3379 745 3442 quiaque
768 3364 927 3423 carminum
950 3381 1049 3439 genus
1073 3381 1161 3448 quum
1184 3363 1253 3424 iim

127 3465 225 3528 ratius
248 3463 285 3524 ad
306 3464 476 3524 inritandam
500 3465 557 3524 sibi
576 3464 805 3543 proposuisset,
827 3465 981 3526 admodum
1004 3463 1160 3544 probabile
1181 3482 1256 3528 sanc

125 3570 179 3629 est
203 3567 234 3626 ei
260 3565 333 3627 iilud
360 3567 459 3646 ipsum
489 3567 659 3646 exemplum
683 3566 877 3626 obversatum
904 3583 992 3643 esse,
1014 3567 1189 3646 quauiquam
1213 3586 1255 3634 ex

127 3667 221 3730 rebus
250 3651 382 3744 siugulis
405 3665 476 3726 nihil
500 3685 627 3746 prorsus
649 3667 776 3728 ruutuari
795 3652 855 3728 ¹ant
880 3665 1017 3727 voluerit
1039 3668 1090 3726 aui
1113 3670 1255 3745 potuerit.

126 3769 267 3850 Namque
289 3767 505 3828 Stesichorrae
528 3769 701 3829 palinodiae
722 3767 857 3828 Helenae
887 3766 985 3828 dictae
1016 3773 1048 3828 et
1068 3770 1133 3848 ipse
1154 3770 1256 3834 Hora·

126 3873 189 3932 tius
217 3873 323 3950 aperte
353 3872 482 3931 meminit
511 3873 540 3932 in
563 3871 662 3950 Epod.
688 3868 794 3956 xvii,
825 3869 866 3932 42
882 3868 998 3948 -44,
1021 3872 1089 3932 dum
1111 3863 1257 3933 Canidiae

125 3991 216 4056 quarn
243 3973 374 4035 warine
400 3971 535 4034 laeserat
563 3972 680 4050 veniam
710 3970 870 4050 implorat,
902 3975 933 4033 ct
963 3971 1090 4033 Ovidius
1121 3973 1151 4032 iu
1181 3973 1254 4038 Art.

182 4249 211 4316 1)
230 4238 264 4303 ln¹
278 4249 389 4304 Excidio
408 4251 525 4318 Troiae,
546 4259 581 4312 ,ut
605 4253 724 4318 uidetur,
746 4253 923 4306 *Stesichorus
947 4249 1091 4319 Epicurum
1116 4259 1255 4320 poetarum

233 4335 378 4402 exemplum
414 4344 520 4390 secutus
558 4340 708 4390 tristissimi
741 4337 806 4390 beili
841 4349 948 4390 causam
982 4333 1108 4388 Helenam
1144 4335 1254 4398 iecerat.

234 4417 449 4474 Sclrneideu‘.
