3072 5180
298 309 341 376 70

299 512 421 579 rumque
444 493 553 566 eboros
576 493 687 585 ducere
707 490 805 572 iisque
829 492 1046 569 quummaxime
1069 491 1266 572 praecipere,
1290 497 1324 557 ut
1347 495 1417 559 bio-

299 617 356 660 uae
375 599 407 658 et
429 595 582 675 Apollinis
603 591 712 655 laudes
738 607 846 652 canere
870 591 1031 671 incipiant:
1060 593 1104 654 sie
1134 594 1258 662 iurent
1281 594 1330 661 bie
1351 599 1416 660 bel-

298 700 369 774 lum,
389 699 496 758 tannem
518 700 696 777 pestemque
718 711 736 754 a
756 692 872 752 nomine
896 692 1031 754 Bouiano
1053 693 1081 753 in
1104 697 1308 773 sempiternos
1325 717 1418 762 eornm

300 800 424 878 hostes,
448 799 590 878 „Persas
619 800 709 877 atque
730 790 937 870 Britannos“‚
959 796 1091 855 avertat.
1146 796 1325 860 Tenendum
1354 822 1421 866 vero

301 899 465 968 Gaesarem
485 896 682 962 Octavianum
704 897 741 984 ab
766 895 857 958 Aetio
881 895 1027 956 victorem
1051 913 1208 980 reversum
1232 899 1263 960 in
1286 901 1421 965 bonorem

212 1059 214 1066 ,
299 1000 473 1082 Apollinis,
503 1000 550 1060 cui
572 999 726 1061 victoriam
748 1016 783 1058 se
806 998 919 1058 debere
938 999 1078 1077 putaret,
1111 996 1201 1059 ludos
1223 993 1372 1067 Actiacos
1395 1014 1419 1066 a.
1502 1021 1503 1024 ’

301 1101 375 1166 726.
396 1102 564 1163 instituisse
594 1103 632 1162 et
657 1099 950 1180 eins-templum
973 1099 1190 1188 aperuisse
1212 1107 1260 1176 (v.
1285 1106 1420 1188 Propert.
1502 1125 1503 1130 ¹

297 1208 319 1267 Ι.
345 1226 369 1269 ο.
393 1206 466 1282 init,
487 1203 537 1265 cll.
552 1201 612 1262 Diu
629 1197 719 1264 Cass.
739 1198 828 1278 bill,
854 1200 898 1280 l.)
922 1203 954 1260 et
983 1199 1088 1260 eodem
1114 1200 1170 1260 iam
1195 1221 1271 1265 auno
1295 1208 1419 1288 expedi-

297 1310 396 1378 tiones
426 1307 455 1370 in
476 1305 637 1367 Britannos
660 1306 691 1366 et
713 1301 834 1364 Arabes
853 1318 1072 1382 praeparasse:
1103 1302 1141 1362 ad
1164 1322 1241 1385 quae
1266 1307 1334 1387 ipsa
1356 1307 1419 1368 Ho-

291 1394 402 1476 ratium
424 1406 604 1488 respexisse
624 1404 705 1467 iaeili
721 1405 899 1472 subiectura
922 1401 1095 1464 adducimur
1118 1408 1151 1467 ut
1175 1407 1345 1470 credamus.

309 1564 312 1574 ¹
397 1562 428 1603 u.
448 1540 478 1602 2.
522 1539 683 1599 Ιαίοαειαα
699 1571 741 1581 ·-
761 1528 939 1614 Cynthium]
970 1533 1059 1593 Hom.
1081 1532 1116 1594 ll.
1138 1533 1220 1616 XX,
1239 1537 1297 1601 39:
1322 1547 1417 1604 Φοῖ-

295 1650 364 1726 βος
386 1635 660 1721 ἀκερσεκόμης
682 1635 729 1715 ἧδ’
743 1635 890 1716 ’Ἀρτεμις
909 1633 1054 1714 ἰοχέαιρα
1075 1633 1172 1712 Λητυό
1191 1661 1223 1700 τε
1242 1645 1323 1720 aab,
1359 1661 1415 1723 quo

294 1763 354 1806 uno
381 1743 450 1805 loeo
480 1737 686 1826 ἀκερσεκόμης
713 1739 829 1816 iegitur
863 1735 942 1814 apud
972 1735 1145 1798 Homerum.
1198 1739 1359 1802 Praeterea
1385 1744 1414 1802 in

293 1846 383 1908 Hom.
406 1845 516 1923 llymn.
542 1845 570 1904 in
586 1841 692 1923 Apoll.
710 1841 781 1902 Del.
802 1837 873 1918 134,
894 1839 923 1898 in
938 1838 1066 1899 Hesiodi
1081 1837 1415 1928 FrangQGoettl„

293 1948 342 2010 bis
365 1948 444 2027 apud
467 1946 625 2007 Pindarum
647 1943 739 2023 Pytb.
760 1943 824 2022 111,
852 1941 903 2004 14.
926 1943 957 2002 et
980 1938 1083 2000 lstbm.
1106 1938 1131 2020 l,
1155 1940 1193 2004 7:
1227 1939 1280 2006 τόν
1313 1943 1417 2008 ἀκει-

290 2046 469 2130 ρεκόμαν
485 2050 616 2123 Φοῖβον,
641 2045 765 2125 saepius
788 2045 817 2104 in
834 2043 1036 2123 posteriorum
1052 2040 1179 2118 Hymuis
1196 2048 1332 2127 tanquam
1347 2067 1420 2128 per·

294 2152 416 2228 peluum
438 2147 584 2228 quoddam
601 2146 753 2225 Apollinis
775 2145 966 2224 praeconium
986 2143 1148 2222 reperitur.
1191 2145 1331 2210 Intonsos
1347 2169 1420 2212 vero

179 2304 182 2309 .
294 2246 408 2328 Apollo
432 2249 481 2307 est
501 2249 628 2326 propter
652 2249 803 2308 aeternam
827 2245 1024 2306 iuventutem.
1065 2243 1182 2308 Aiebat
1203 2251 1281 2313 enim
1304 2251 1422 2314 Graeca
1502 2255 1503 2290 o

246 2357 250 2364 '
291 2351 435 2410 iuuentus
459 2347 552 2408 decus
575 2349 684 2428 eapitis
706 2364 801 2428 usque
825 2347 864 2408 ad
887 2350 1075 2431 oopslantem
1101 2351 1244 2432 aetatem,
1266 2353 1315 2413 ubi
1329 2354 1424 2418 adulti
1502 2367 1503 2370 ’

189 2465 192 2476 ’
293 2450 434 2512 solebant
453 2450 576 2529 primum
601 2451 710 2512 erinem
735 2451 891 2511 detonsum
925 2449 983 2528 ipsi
1004 2447 1138 2528 Apollini
1165 2451 1374 2540 κουροτρόφῳ
1395 2460 1426 2518 et
1502 2465 1503 2468 ’

292 2553 394 2616 fluviis
419 2561 617 2632 consecrare,
657 2552 722 2613 vid.
745 2551 902 2612 Dissen.
933 2549 1077 2611 adPind.
1100 2549 1136 2611 P.
1162 2550 1225 2632 lv,
1255 2553 1308 2618 82.
1354 2557 1425 2622 Cir.
1502 2543 1503 2560 ³

291 2657 380 2718 Hono.
409 2654 502 2734 Hym.
530 2655 560 2716 in
589 2653 696 2736 Apoll.
722 2652 814 2734 Pytb.
844 2653 926 2716 272:
967 2649 1098 2740 χαίτησ’
1127 2653 1286 2734 εἰλυμένος
1314 2655 1428 2742 eripior

291 2755 403 2841 ὤμους,
427 2761 459 2819 ei
479 2756 554 2820 llor-
577 2757 677 2837 llpod.
700 2754 751 2837 15,
774 2755 805 2820 9.
830 2754 944 2817 Tibull.
966 2753 991 2834 l,
1016 2752 1047 2834 4,
1073 2751 1126 2816 37.

400 2912 432 2952 v.
455 2888 484 2955 3.
525 2911 671 2973 supremo
693 2887 772 2974 Ioni]
804 2892 854 2952 lix
884 2889 1075 2952 formularum
1098 2906 1153 2951 usu
1178 2910 1196 2952 a
1218 2892 1346 2956 Graecis
1371 2912 1427 2956 re-

290 2998 401 3075 cepto:
424 3000 480 3054 Δι’ὶ·
498 2988 639 3078 ὑψίστῳ,
660 2999 717 3054 Ari·
737 2989 864 3092 όιτοίτῳ,
883 2995 941 3052 Διῒ
960 2988 1202 3076 πανυπερτότῳ,
1224 2994 1312 3055 Pind.
1334 2995 1427 3058 Nem.
1502 3011 1503 3029 ¹

289 3095 314 3172 l,
337 3091 458 3170 buin,
483 3090 630 3170 Aesebyl.
654 3092 720 3168 Ag.
739 3093 814 3156 509.
838 3094 894 3170 1).,
919 3090 1038 3154 Gallim.
1062 3090 1099 3151 H.
1119 3094 1150 3152 in
1172 3090 1240 3153 lov.
1261 3093 1314 3157 91.
1334 3097 1379 3157 ul.
1502 3151 1503 3180 ,

392 3239 424 3281 v.
446 3221 477 3284 4.
520 3225 675 3296 Dilectum
694 3219 838 3302 penitus]
867 3221 1011 3305 Reddidit
1034 3222 1222 3284 Homericum
1250 3220 1325 3282 illud
1346 3231 1432 3310 περὶ
1502 3211 1503 3254 l

290 3321 358 3400 κῆρι
380 3319 435 3380 vel
462 3317 577 3400 κηρόθι
596 3325 712 3401 μᾶλλον
740 3325 847 3400 φιλεῖν.
879 3317 956 3380 '0d.
983 3322 1062 3400 XV,
1088 3320 1168 3384 245:
1203 3315 1430 3405 Ιἰ’ίμμιάραον,

280 3419 344 3486 ”Or
371 3425 443 3502 περὶ
469 3423 539 3504 κῆρι
567 3425 646 3500 φίλει
672 3417 751 3494 Ζεός
781 3454 819 3462 -
851 3423 999 3497 παντοίην
1030 3417 1187 3504 φιλότητα.
1238 3419 1305 3486 cfr.
1344 3425 1429 3488 ibid.

281 3513 436 3586 ‘vs-⁸370.
480 3521 515 3584 ll.
538 3521 631 3602 Xlll,
656 3519 728 3584 430.
770 3519 893 3600 XXIV,
927 3519 983 3584 61.
1020 3520 1094 3586 423.
1125 3523 1164 3585 al.
1208 3521 1429 3589 Adamaverat

289 3625 537 3705 autemJuppiter
560 3629 591 3688 et
611 3623 915 3685 dilexeratbatonam
938 3641 986 3685 ex
1010 3625 1146 3706 animo,
1172 3628 1204 3689 et
1230 3625 1299 3705 plus
1327 3645 1425 3709 quam

277 3727 362 3788 'alias
385 3727 566 3790 concubinas
590 3730 716 3807 propter
739 3725 854 3786 liberos
873 3742 914 3786 ex
935 3743 973 3788 ea
996 3732 1170 3807 susceptos.
1204 3727 1426 3807 HomHymn.

287 3827 317 3888 m
340 3811 430 3888 noan.
460 3825 592 3906 xxvii,
622 3825 679 3888 19:
723 3823 869 3908 ‘epodo
900 3823 995 3906 Aproi
1020 3833 1246 3913 ιιιασφιρυ,
1279 3824 1321 3902 σς
1349 3834 1428 3897 aaa

267 3931 411 4008 παῖδας,
440 3925 625 3992 Ἀθανάτων
648 3931 743 4016 βουλῇ
771 3953 804 3992 τε
834 3932 886 3992 καὶ
909 3928 1061 4012 ἔργμασιν
1086 3930 1176 4013 ἔξοχ’
1203 3927 1360 4011 ἀρίστους,
1386 3937 1424 3996 et

286 4031 396 4111 Hymni.
424 4031 453 4091 in
475 4030 578 4110 Apoll.
600 4029 672 4092 Del.
698 4028 755 4093 14:
781 4034 893 4112 Χαῖρε,
914 4028 1044 4115 μάκαιρ’
1063 4025 1215 4112 ὦΛητοῒ,
1241 4031 1312 4103 ἐπεὶ,
1333 4033 1426 4107 τέκες

289 4128 388 4215 ἀηλαά
410 4135 518 4214 τέκνα,
548 4135 578 4196 et
607 4133 688 4196 alibi.
740 4132 889 4195 Homerus
924 4134 1042 4214 quidem
1073 4133 1209 4198 similiter
1239 4134 1277 4196 de
1309 4133 1426 4215 Arete,
