3046 5224
284 343 327 408 34

282 533 391 614 μέλεα,
417 528 494 613 ydra
518 524 650 613 χλωρὸν,
675 526 796 614 gilsinda
826 525 904 612 αἷμα
933 533 1085 614 (Thetidi.
1105 535 1166 614 27,
1189 537 1245 600 66.
1278 538 1335 619 14,
1361 539 1418 604 70.

282 633 380 716 Soph.
409 633 521 698 Traah.
556 632 664 708 1055).
722 633 799 697 Hine
830 633 994 698 Chloris
1032 637 1114 700 dieta
1143 642 1281 723 ratioque
1311 641 1419 705 habitu

283 735 519 798 'l'haliarohi
548 737 674 798 nouilnis
702 733 836 818 (θαλίας
857 734 982 820 ἆρχός).
1038 737 1105 802 Cir.
1132 742 1231 822 lipod.
1257 740 1315 823 13,
1340 744 1418 808 det

281 839 413 902 onurs.
432 836 473 898 ll.

305 1041 326 1105 ⁷
358 961 416 1107 6v.
442 938 494 1004 19.
522 941 608 1002 lenes
624 937 761 1024 amara]
784 947 1006 1026 ψιθυρίομιιια
1030 968 1062 994 =
1087 941 1236 1030 ὄαρισμοί
1257 942 1414 1027 (Thanar.

282 1044 337 1126 2,
381 1042 427 1124 7).

703 1227 835 1309 Carni.
864 1232 894 1326 l,
926 1230 985 1311 ill.

247 1370 249 1375 ·
381 1402 403 1439 „
413 1357 550 1436 Hymnus
569 1357 596 1416 iu
611 1353 792 1420 Mercurium
808 1361 845 1423 ah
861 1361 1014 1424 Alcaeo
1036 1361 1136 1441 lyrico
1160 1363 1289 1442 poeta-‘⁶
1310 1364 1405 1426 l‘or-

280 1461 390 1544 phyr.
434 1459 501 1522 lloo
526 1458 679 1522 confirmat
704 1463 869 1525 Pausanias
893 1464 968 1544 vii,
992 1461 1052 1526 20:
1090 1469 1183 1545 βουσὶ
1202 1460 1264 1547 γάρ
1288 1469 1409 1549 χαίρειν

278 1560 413 1646 μάλιστα
423 1558 599 1625 Ἀπόλλωνα
622 1556 689 1640 (ada
701 1561 836 1643 Νόμιον)
853 1562 997 1642 Ἀλκαῖός
1018 1591 1050 1630 aa
1068 1564 1217 1644 ἐδήλωσεν
1232 1567 1409 1654 ἐν”Υμνῳ

278 1672 331 1754 τῷ
353 1666 408 1740 εἷς
425 1661 573 1745 Ἕρμῆν
598 1659 733 1748 γράψας,
755 1661 796 1740 ὥς
818 1663 988 1749 &Esaia
1007 1673 1106 1750 βοῦς
1130 1666 1319 1750 ὑφέλοιτο
1340 1677 1410 1734 τοῦ

278 1765 538 1840 Ἀπόλλωνος.
562 1765 785 1830 celebraverat
805 1774 899 1849 poeta
912 1770 1042 1832 Lesbius
1060 1769 1175 1854 Ἑρμοῦ
1193 1765 1288 1852 χονιὶς
1311 1774 1408 1852 (testo

278 1870 445 1934 lilenandro
466 1868 558 1935 Hlnet.
581 1869 637 1949 lx,
666 1869 738 1934 149.
762 1871 898 1947 Walal,
923 1878 1041 1954 raptum
1064 1875 1154 1937 houm
1179 1873 1407 1955 Apollinearum

277 1975 425 2056 (Pansam.
448 1973 470 2034 1.
490 1992 518 2035 e.
545 1976 576 2032 et
598 1971 749 2052 Porplnyr.
774 1972 810 2033 ad
835 1973 907 2037 Hor.
931 1995 978 2038 rs.
999 1975 1038 2040 9:
1067 1976 1170 2039 fabula
1191 1976 1267 2039 liaeo
1284 1977 1322 2039 al)
1342 1976 1406 2038 Al-

277 2094 353 2140 oaeo
382 2074 484 2148 fieta),
512 2074 641 2154 denique
669 2075 947 2154 praestantissimas
974 2079 1024 2141 dei
1055 2082 1186 2144 virtutes
1215 2076 1340 2156 (Athen.
1364 2077 1408 2156 X,

275 2177 352 2240 425.
378 2174 435 2239 Ca
454 2169 597 2245 ’.Alaaioe
618 2170 672 2236 τὸν
691 2171 802 2254 Ἑρμῆν
820 2175 932 2258 alatro
954 2184 1039 2243 deuia
1058 2179 1228 2262 οἰνοχόον).
1266 2175 1407 2242 Exordi-

277 2284 326 2345 tur
339 2277 483 2340 Horatius
506 2275 643 2336 similiter
661 2279 751 2356 atque
766 2276 817 2337 ille
834 2299 852 2340 a
868 2280 1012 2345 illerourii
1032 2301 1160 2361 genere,
1184 2281 1291 2342 deinde
1308 2297 1407 2360 prae-

276 2382 358 2442 dicat
381 2396 447 2439 eum
469 2379 607 2457 tanquam
629 2377 715 2438 deum
739 2374 856 2458 λόγιον,
880 2380 1057 2464 ἐναγώνιον,
1079 2387 1163 2448 θεῶν
1183 2378 1317 2460 adquam,
1341 2385 1407 2443 lum

276 2479 413 2563 pluribus
433 2481 573 2560 tanquam
594 2478 831 2562 ποικιλομήτην,
871 2485 951 2566 quod
981 2477 1078 2564 ipsum
1108 2480 1224 2544 duobus
1247 2481 1406 2559 exemplis

275 2583 406 2644 exornat
429 2578 554 2640 eundem
579 2579 723 2642 Alcaeum
756 2591 907 2666 exparte
930 2589 1073 2664 sequtus,
1105 2583 1231 2662 denique
1263 2584 1404 2662 tanquam

273 2680 407 2768 χθόνιον
436 2702 462 2744 s.
483 2676 695 2763 ψυχοπομπὸν
718 2683 861 2750 dilaudat.
906 2689 971 2752 Sed
993 2686 1071 2748 idem
1091 2684 1149 2748 lnoo
1172 2703 1291 2748 oarmeu
1312 2704 1402 2768 quum

273 2789 419 2855 refertum
447 2785 489 2849 sit
516 2784 747 2848 Homericae
778 2790 950 2853 imitationis
982 2790 1126 2866 vestigiis
1159 2790 1191 2850 et
1222 2787 1311 2869 plura
1341 2806 1400 2850 non

274 2892 444 2969 contineat,
477 2905 555 2969 quae
585 2887 622 2949 ab
646 2887 764 2950 Alcaeo
793 2896 1023 2955 commemorata
1051 2908 1122 2952 esse
1152 2890 1239 2952 modo
1261 2889 1400 2970 uidimus,

273 3012 333 3062 non
354 2995 461 3074 potest
488 2992 612 3084 „totum
643 3009 685 3052 ex
714 2991 833 3054 Alcaeo
858 3011 1037 3073 expressum
1065 2993 1185 3073 esse“‚
1210 2993 1289 3076 quod
1317 2994 1402 3054 Por-

272 3093 430 3177 phyrionis
461 3093 632 3154 testimonio
662 3093 773 3156 inducti
798 3094 1055 3159 lllitseherlioirlus
1092 3098 1124 3157 et
1147 3094 1352 3158 Groteiaudus
1369 3090 1401 3176 ¹)

273 3202 387 3261 temere
410 3195 523 3275 opinati
545 3199 623 3256 sunt.
667 3195 784 3259 initium
808 3197 908 3277 hymni
924 3197 1041 3260 Aloaioi
1058 3181 1192 3260 fortasse
1214 3197 1272 3258 luit
1286 3197 1400 3270 fragm.

273 3294 467 3376 anonim,
494 3297 527 3360 9.
549 3297 733 3378 schaldem,
755 3300 861 3361 audem
884 3303 979 3362 metro
1003 3296 1160 3379 Sapphico
1183 3295 1400 3374 conscriptum:

443 3402 548 3483 Χαῖρε
573 3398 732 3474 Κυλλάνας
753 3397 769 3464 ὁ
790 3402 907 3482 μέδεις,
927 3405 965 3464 σὲ
986 3396 1048 3481 γάρ
1068 3423 1131 3478 μοι.

375 3520 407 3562 v.
431 3499 461 3564 1.
480 3519 551 3583 sqq.
572 3501 775 3563 Facundus
789 3502 958 3579 illereurius
981 3502 1163 3585 appellatur,
1187 3494 1399 3579 quodGraeoe

269 3600 373 3686 λόγιος
395 3603 519 3666 auditi.
542 3621 571 3664 ο.
592 3600 687 3684 λόχον
708 3605 837 3686 ἔφορος,
859 3602 1050 3686 eloquentiae
1084 3618 1214 3685 praeses
1241 3618 1269 3660 s.
1299 3615 1399 3679 „ser-

269 3725 386 3768 monum
415 3704 537 3783 deus“,
566 3709 600 3766 ut
627 3707 670 3766 ait
698 3705 828 3767 Servius
858 3705 896 3767 ad
918 3706 999 3768 Aen.
1028 3705 1076 3787 ll,
1107 3701 1184 3770 293.
1237 3702 1291 3766 Sia
1319 3701 1399 3780 apud

269 3807 433 3872 Hesiodum
454 3809 483 3871 iu
507 3805 587 3886 Opq.
609 3804 652 3866 77
674 3824 743 3887 sqq.
764 3805 924 3872 ,Pandorao
945 3809 1021 3874 liaeo
1042 3827 1165 3871 munera
1187 3806 1299 3867 donata
1322 3798 1398 3886 quad·

268 3906 531 3991 δεοίθάἱμολίονς
547 3931 580 3971 τε
601 3904 712 3988 λόχοις
733 3913 786 3971 καὶ
808 3906 1187 3990 1πίπλοκονῆθος·-ἔν
1210 3912 1231 3971 d
1235 3903 1313 3990 ’ἄρα
1334 3927 1399 3986 φω-

268 4007 322 4089 νήν
352 4010 509 4094 (suadem)
532 4014 617 4089 Θῆκε
645 4015 730 4074 θεῶν
760 4014 865 4094 κῆρυξ.
917 4015 1073 4079 Aristides
1096 4013 1150 4076 01.
1180 4011 1218 4072 do
1248 4006 1338 4070 niet.
1366 4004 1398 4066 l:

323 4265 352 4333 i)
373 4261 424 4324 Qui
450 4263 519 4320 adeo
539 4267 656 4320 earmina
676 4262 781 4318 Horatii
800 4262 901 4320 Graeee
923 4271 996 4319 retro
1017 4261 1146 4318 vertendo
1165 4257 1259 4312 Alcaei
1276 4255 1399 4324 dymnum

370 4351 513 4403 restituere
540 4365 620 4420 possa
645 4350 696 4404 sibi
723 4351 796 4404 risus
824 4356 865 4404 esi
888 4353 919 4402 in
947 4347 1016 4402 Nor.
1041 4348 1098 4400 Am·
1122 4343 1184 4397 Suo.
1212 4341 1273 4395 Lat.
1300 4337 1359 4394 lon.
1377 4337 1397 4392 l.

370 4447 396 4499 μ.
418 4437 469 4488 223
488 4447 548 4502 sqq.
