3064 5206
277 364 340 432 194

274 570 338 615 rum
360 568 477 629 genera
499 568 572 614 esse
590 543 694 614 dicunt
714 553 860 618 interdum
884 557 942 618 tria
965 555 1116 636 efficiunt,
1138 575 1226 620 unum
1242 556 1412 626 ‘dumtaxat
1448 581 1450 586 ’
1505 535 1506 542 ¹

278 657 388 736 sponte
412 673 542 719 nascens
563 655 636 716 illud
660 656 814 733 nigrarum
837 657 1005 737 violarum,
1027 659 1193 720 sativarum
1214 663 1315 723 autem
1337 663 1410 744 duo,

275 761 336 820 ium
360 753 583 824 mendicatio
604 755 715 838 κρόκεα
737 775 792 818 seu
815 757 928 821 albas
951 759 1052 822 violas
1074 762 1107 824 ei
1127 760 1262 824 luteas
1286 763 1409 828 discer—
1506 785 1507 806 Ι

275 862 393 924 nentes.
447 859 543 923 (lutus
569 862 614 921 rel
643 859 719 922 haec
748 861 806 922 luit
834 862 929 940 ratio,
961 862 1041 942 quod
1072 881 1161 945 quom
1191 863 1320 928 alierum
1347 866 1409 932 lroc
1506 847 1507 884 ³

275 973 376 1042 geone
406 965 500 1028 totum
529 962 699 1042 complures
732 964 857 1042 species
887 963 1105 1042 complectatur
1132 965 1237 1026 colore
1266 967 1345 1030 luter
1371 988 1407 1031 se
1506 951 1507 970 d

275 1066 467 1145 differentes,
492 1083 584 1145 quum·
601 1066 679 1125 inter
701 1065 821 1126 salivas
845 1068 877 1128 et
890 1063 986 1146 ¹uiltac
1005 1069 1040 1128 et
1063 1065 1171 1129 luteae
1190 1071 1223 1131 ct
1244 1071 1406 1134 caeruleae

275 1172 307 1231 et
327 1185 499 1250 purpureae
524 1167 731 1247 reperiantur,
761 1170 859 1229 tamen
880 1185 982 1230 omnes
1005 1169 1139 1249 omnino,
1169 1172 1196 1231 si
1222 1191 1288 1234 curn
1309 1193 1404 1255 pur-

274 1271 417 1351 pureis
446 1287 525 1351 quae
548 1270 673 1349 proprie
698 1272 848 1332 vocantur
870 1288 925 1330 seu
948 1287 1014 1332 cum
1044 1273 1143 1350 nigris
1163 1272 1224 1336 illis
1245 1275 1404 1340 silvestri-

273 1373 331 1433 oss
353 1374 580 1452 comparantur,
605 1367 700 1433 minus
723 1373 831 1435 ardere
854 1369 1093 1456 (inctructione)
1115 1374 1276 1452 videntum
1299 1400 1318 1442 a
1340 1398 1402 1461 quo

272 1477 359 1555 ipso,
374 1493 444 1536 uon
473 1493 510 1553 ,a
541 1473 651 1536 canitie
679 1475 846 1538 cluereove
874 1476 1013 1537 loliorum
1040 1475 1164 1540 coloue‘
1189 1478 1239 1558 (ut
1264 1479 1347 1542 Voss
1371 1487 1404 1544 et

271 1576 445 1640 Billerlreck
474 1575 669 1657 opinantur)‚‘
696 1575 744 1638 lrls
772 1579 888 1642 cunctis
911 1579 1075 1660 antiquitus
1097 1583 1310 1656 asomum
1331 1583 1403 1644 sive
1452 1597 1455 1605 ·

246 1678 376 1742 ,allois
397 1679 527 1752 violis
540 1695 655 1742 nomen
676 1679 800 1742 inditum
820 1675 946 1761 ost⁴²)·;
974 1682 1029 1744 sed
1053 1683 1193 1764 quoniam
1217 1681 1276 1746 luoc
1297 1685 1401 1761 magis

221 1877 225 1886 '
274 1885 478 1896 —m

303 2029 353 2099 42)
371 2026 503 2084 Pindarus
524 2025 566 2078 01.
583 2029 616 2089 6,
637 2029 695 2084 553
710 2025 777 2081 Ἴων
791 2027 924 2092 ξανθαῖσι
943 2035 989 2084 scal
1004 2050 1025 2083 rs
1035 2026 1290 2098 apaoppdpore
1309 2023 1401 2082 darius

317 2129 320 2134 '
372 2114 558 2182 βεβρεγμένος.
596 2111 641 2164 ubl
674 2111 850 2167 scholiastes:
887 2107 978 2168 darius
1014 2110 1043 2168 dd
1075 2101 1289 2182 uupmoppdposr
1318 2111 1402 2170 slusa,

370 2194 467 2264 ἐπειδὴ
490 2193 560 2254 ,τῶν
585 2197 649 2250 ime
670 2195 712 2248 sd
735 2195 800 2262 μὲν
823 2191 1066 2260 decoloratior,
1099 2197 1141 2251 sd
1168 2194 1202 2250 δέ
1228 2196 1402 2270 πορφυρᾶ

372 2279 481 2333 ἔστιν.
517 2276 643 2332 Pallor
664 2280 786 2331 nimirum
808 2277 947 2346 fulgori
965 2295 1145 2350 purpureo
1165 2284 1267 2350 opponi
1285 2281 1355 2334 solet
1373 2283 1400 2334 in

277 2394 282 2402 ·
373 2363 485 2417 floribus
511 2367 592 2430 atque
624 2364 732 2414 omniuo
758 2363 784 2412 in
811 2361 910 2429 plantis
936 2363 1134 2430 describendum
1169 2364 1239 2434 quid,
1260 2371 1348 2420 autem
1377 2369 1399 2419 is

372 2443 448 2500 color
472 2442 514 2496 uel
538 2446 628 2510 potius
653 2444 744 2512 lulgor
767 2458 917 2512 purpureus
941 2451 1051 2516 proprie
1070 2447 1167 2511 luerit,
1191 2447 1270 2500 docet
1289 2449 1400 2503 Cassio-

370 2529 453 2584 dorus
477 2523 630 2591 Variani,
655 2533 697 2585 2.;
724 2528 806 2580 Color
830 2543 967 2596 purpurae
986 2539 1027 2593 cst
1044 2531 1193 2583 obscuritas
1210 2531 1355 2585 mocorono
1377 2542 1402 2587 ct

368 2611 479 2679 etpredo
497 2613 652 2678 scapolaro.
688 2609 722 2665 lit
738 2613 823 2682 igitur
841 2611 912 2680 apud
927 2612 1022 2668 Horat.
1042 2612 1090 2668 0d.
1108 2612 1148 2679 ΙΙ,
1170 2619 1216 2676 12,
1236 2620 1262 2670 3.
1280 2621 1307 2670 el
1320 2615 1399 2675 ovio.

370 2694 437 2752 Met.
459 2693 499 2761 ll,
524 2699 583 2754 607.
600 2713 751 2765 purpureos
777 2700 804 2750 et
829 2699 955 2764 puniceos
979 2701 1090 2770 proprie
1115 2698 1187 2752 diota
1212 2699 1265 2753 lust
1292 2707 1399 2758 cruoris
1433 2727 1445 2744 ο

371 2787 433 2836 suut
457 2781 592 2851 epitheto,
624 2785 664 2838 sio
692 2781 785 2836 eadem
808 2781 1048 2852 pulcherrimorum
1070 2785 1165 2839 llorum
1190 2793 1260 2842 sunt.
1301 2786 1395 2842 Horat.

371 2867 420 2924 0d.
439 2866 491 2934 ΙΙΙ,
521 2872 569 2934 15,
596 2872 652 2925 15.;
681 2869 732 2933 lios
756 2885 908 2938 purpureres
932 2886 1027 2936 rosae3
1053 2867 1103 2936 lv,
1123 2876 1170 2936 10,
1188 2873 1231 2925 d:
1258 2875 1303 2941 poi
1321 2877 1397 2927 color

370 2963 408 3010 esi
427 2957 556 3024 portlacae
573 2955 640 3019 tiore
656 2957 735 3022 prior
754 2972 843 3008 rocco.
877 2952 932 3008 laur
952 2969 1018 3009 vero
1037 2953 1131 3008 eadem
1150 2971 1214 3011 rosa
1226 2960 1301 3012 cuius
1320 2960 1397 3014 color

369 3055 521 3114 purpureus
540 3039 610 3110 apud
634 3045 730 3110 poetas
754 3039 859 3096 ueteres
885 3041 1043 3109 saepissime
1063 3053 1120 3092 oum
1142 3040 1240 3095 rubore
1259 3047 1395 3111 surgentis

369 3130 424 3184 diet
449 3125 587 3180 contendit
611 3126 743 3180 interdum
769 3131 848 3182 etiam
870 3129 949 3194 eipso
975 3126 1088 3189 dicitur,
1118 3141 1172 3180 non
1195 3125 1250 3178 alla
1275 3125 1397 3180 subiecta

368 3215 503 3269 sententia
520 3224 598 3280 quam
618 3211 727 3265 ruboris
745 3213 903 3281 sanguinet,
924 3210 997 3265 velut
1015 3207 1134 3263 Achilles
1152 3209 1214 3262 Tul.
1236 3208 1282 3262 lib.
1300 3208 1344 3265 Vl.
1363 3211 1397 3266 de

367 3298 459 3352 iudica
479 3294 591 3364 quadam
611 3308 688 3357 rosa,
707 3298 781 3348 cuius
802 3297 941 3364 puniceum
959 3294 1092 3362 fulgorem
1113 3294 1180 3346 satis
1194 3290 1322 3345 admirari
1342 3309 1397 3349 non

329 3407 336 3412 -
366 3384 470 3451 potest:
497 3375 626 3444 μέλαν,
653 3377 755 3443 inquit,
782 3376 862 3430 τοῦτο
880 3374 913 3428 τὸ
932 3371 1014 3446 ῥόδον
1041 3369 1141 3428 Ἰνδῶν.
1178 3371 1342 3428 Claudianus
1362 3379 1397 3432 de

368 3482 389 3519 r.
412 3463 490 3518 Pros.
507 3457 549 3522 ΙΙ,
569 3462 630 3515 92:

474 3546 625 3611 Smrputaeo
641 3543 783 3610 splendore
801 3556 896 3602 rocos,
913 3539 1033 3591 voertam
1050 3538 1128 3605 cipro

472 3633 563 3682 Induit
568 3667 577 3692 ‚
597 3637 622 3681 ct
640 3630 711 3681 dulci
729 3629 815 3680 uiolas
834 3625 970 3694 perruptae
987 3624 1082 3690 pirrpil.

365 3717 484 3786 Itemque
514 3713 583 3768 idem
606 3710 763 3782 hyacinthus
794 3703 933 3780 poetarum
963 3711 1082 3761 ueterum
1110 3711 1165 3761 turn
1188 3724 1271 3761 succe
1296 3711 1395 3767 relect

364 3801 455 3869 (virg.
482 3795 537 3851 Ecl.
555 3803 587 3860 3,
611 3799 671 3860 63.)
695 3802 749 3850 tum
773 3811 924 3864 purpureres
943 3790 1033 3858 (ovio.
1051 3791 1117 3848 lilot.
1134 3791 1215 3858 xlii,
1241 3796 1316 3865 394.)
1339 3803 1393 3852 tum

362 3885 440 3949 siper
463 3878 552 3951 (virg.
570 3879 624 3934 Eol.
643 3887 690 3945 10,
715 3885 774 3948 39.)
797 3885 909 3936 uocatur
936 3878 987 3945 ,olo
1012 3878 1183 3947 splendorem
1206 3881 1264 3933 etus
1281 3887 1393 3953 saugm-

364 3966 465 4028 neum‘,
490 3978 543 4035 quo
560 3963 700 4020 Gladiolus
724 3966 883 4037 byzantinus
907 3969 1000 4019 noster
1026 3963 1087 4033 (qul
1109 3967 1228 4018 veterum
1252 3969 1392 4031 poetarum

361 4047 519 4122 irpaclntlruo
538 4049 602 4115 iuti,
625 4050 780 4124 Sprcugolit
804 4050 909 4122 quidem
934 4049 1068 4102 sententia
1092 4044 1128 4098 ad
1152 4045 1241 4100 litore.
1268 4045 1317 4114 lV,
1349 4057 1392 4108 20,

356 4134 397 4189 Τ.
416 4132 450 4188 ll.
475 4149 501 4204 p.
521 4139 581 4193 583.
607 4141 634 4188 et
662 4134 814 4190 liicrbaclrii
840 4133 913 4188 lior.
934 4131 1014 4203 ruyth.
1037 4147 1064 4200 p.
1091 4129 1165 4198 137.)
1191 4133 1303 4188 maxine
1328 4149 1392 4190 oon-

364 4223 472 4289 spiouus
503 4227 552 4273 est.
604 4219 774 4274 Contrarium
799 4225 886 4273 autem
913 4215 1089 4286 pallorem
1114 4211 1199 4268 lrabes
1221 4217 1291 4285 apud
1314 4218 1390 4291 virg.

365 4302 431 4354 Acri.
451 4301 504 4367 ΧΙ,
521 4311 580 4360 70.:
597 4307 748 4372 temperentia
766 4304 908 4372 hyacinthi,
928 4301 977 4352 cot
989 4314 1074 4366 oeque
1086 4300 1177 4366 sulpur
1187 4303 1273 4354 odico
1283 4306 1393 4358 mucclam

362 4400 413 4437 soc
436 4387 525 4451 fornae
542 4390 667 4452 recessit,
693 4396 720 4443 ot
747 4390 915 4444 manifestius
941 4383 1021 4442 ellam
1046 4386 1116 4454 upud
1145 4386 1318 4455 Calpurnium
1337 4386 1391 4451 Eoi.
