3046 5224
285 372 306 436 6

286 559 434 623 translato
458 559 545 622 vocis
567 573 627 620 usu
646 550 799 638 μετέωρον
828 551 1073 638 (bocberbaben)
1095 559 1143 634 et,
1169 555 1219 638 qui
1241 555 1314 619 talia
1337 555 1417 618 aiio·

285 663 364 739 ctat,
391 661 517 722 eundem
540 659 781 742 μετεωρίζεσθαι
810 658 861 720 vel
884 659 1025 742 μετέωρα
1045 669 1172 742 φρονεῖν
1193 656 1416 739 [boobbioeus-

285 762 413 845 wollen)
437 763 538 825 dicere
563 763 672 824 solent.
718 762 785 822 Vid.
814 761 949 824 Pollucis
972 760 1078 823 Ouum.
1100 761 1163 841 lX,
1190 760 1261 822 147.
1292 765 1323 824 et
1347 761 1414 824 bu-

233 892 236 898 ·
284 867 362 929 cion.
394 865 520 926 learom.
544 862 594 926 ll.
626 864 759 927 Hermot.
792 883 820 928 e.
843 863 876 930 5.
906 864 1015 928 Gallio.
1038 883 1064 926 c.
1085 860 1139 926 23.
1170 863 1220 925 ubi
1243 862 1416 927 lllenlre'et

283 967 458 1030 Hemsterb.
488 967 673 1030 consulendi.
719 967 812 1048 Prop.
837 964 897 1047 111,
923 966 959 1046 1,
982 965 1021 1030 9:
1052 965 1118 1050 Quo
1141 983 1187 1028 me
1213 965 1305 1028 Fama
1325 966 1414 1029 levat

284 1075 365 1134 terra
388 1068 580 1131 sublimis.
675 1093 678 1098 ·

715 1291 845 1372 tunm.
874 1293 905 1388 1,
939 1291 975 1370 2.

384 1459 479 1543 Quum
502 1457 635 1521 secunda
656 1457 732 1522 baec
756 1460 815 1522 ode
835 1461 951 1542 scripta
974 1461 1030 1539 sit,
1059 1463 1093 1523 ut
1116 1461 1200 1522 recte
1223 1461 1278 1522 iam
1305 1459 1410 1523 Acron

139 1601 143 1616 .
257 1565 313 1623 =cl
336 1558 449 1623 Gomm.
475 1559 590 1642 Cruq.‚
621 1566 777 1645 „propter
802 1561 967 1628 Caesarem
997 1565 1025 1625 in
1057 1561 1200 1626 honorem
1221 1566 1253 1626 et
1275 1567 1408 1642 gratiam

279 1664 456 1741 Augusti
479 1661 688 1744 Caesaris,
713 1667 863 1730 ultoris
886 1667 985 1746 eius,“
1009 1668 1058 1747 qui
1083 1665 1296 1730 sublllercurii
1318 1667 1405 1746 figu-

278 1785 312 1828 ra
333 1770 366 1829 ct
386 1782 518 1846 persona
541 1766 665 1846 „patris
692 1769 805 1831 crudeli
830 1770 938 1833 iuuere
959 1771 1103 1834 exstincti
1116 1768 1136 1806 “
1158 1771 1281 1833 caedem
1303 1770 1406 1832 vindi-

279 1873 384 1934 casset
404 1869 496 1951 idque
517 1869 620 1931 scelus
643 1873 812 1954 expiasset,
834 1874 866 1935 ei
888 1872 1033 1934 adfinem
1054 1870 1210 1954 perductis
1227 1873 1316 1935 modo
1336 1872 1406 1934 bel-

277 1971 315 2032 lis
344 1970 484 2034 civilibus
513 1971 662 2035 labentem
698 1976 854 2039 civitatem
893 1978 1049 2040 erexisset
1086 1979 1178 2058 atque
1210 1977 1406 2050 imminentem

276 2075 437 2155 perniciem
460 2074 498 2134 ab
521 2092 559 2136 ea
580 2077 748 2140 avertisset
783 2111 818 2121 —
850 2080 883 2140 ut
906 2078 973 2159 ipse
994 2079 1153 2159 praedicat
1175 2079 1255 2159 apud
1278 2079 1404 2139 Dionem
1435 2095 1436 2098 ¹

279 2175 368 2239 Cass.
389 2171 442 2251 58,
465 2175 514 2242 4.;
537 2177 592 2235 cir.
619 2176 707 2252 Virg.
733 2177 773 2239 G.
794 2179 817 2257 Ι,
834 2177 899 2240 466
920 2199 989 2260 sqq.
1013 2216 1066 2260 —,
1091 2184 1122 2243 et
1144 2181 1312 2261 composita
1333 2180 1404 2260 qui-

276 2277 341 2338 dem
363 2291 435 2336 esse
454 2272 594 2334 videatur
613 2275 734 2338 ineunte
760 2295 788 2337 a.
811 2278 885 2342 7⁶25.
909 2283 979 2341 ante
1004 2284 1068 2342 tres
1091 2284 1156 2344 eius
1179 2280 1403 2361 triumphos

275 2379 346 2439 ante
375 2375 451 2434 diem
476 2372 560 2435 Vlll.
587 2375 654 2437 Vll.
677 2377 731 2438 Vl.
753 2377 825 2438 Idus
856 2378 995 2441 Sextiles
1016 2384 1103 2444 actos
1132 2415 1175 2426 -
1198 2384 1262 2442 vid.
1284 2382 1402 2444 Fraolre

274 2481 303 2540 in
325 2478 360 2538 l'.
381 2475 420 2536 H.
442 2495 472 2555 p.
489 2472 550 2538 136
564 2495 633 2559 sqq.
649 2500 705 2540 -ε
729 2480 785 2540 vix
805 2480 878 2542 licet
898 2482 1009 2560 mirari,
1033 2501 1119 2562 quam
1143 2482 1245 2544 tenuia
1268 2481 1297 2540 in
1313 2481 1400 2539 eius-

274 2579 352 2644 modi
381 2580 550 2656 argumenti
579 2580 707 2642 carmine
736 2582 947 2645 animadversa
977 2583 1038 2642 siut
1062 2580 1199 2644 Graecae
1228 2581 1401 2644 imitationis

274 2682 423 2762 vestigia.

366 2808 407 2848 -v.
429 2783 459 2849 3.
501 2786 631 2848 rubente
654 2784 810 2872 Dextera]
850 2787 983 2868 „Omnes
1005 2784 1161 2848 manubiae
1182 2785 1269 2848 albae
1293 2790 1326 2850 et
1347 2787 1398 2849 ui-

273 2909 351 2970 gree
377 2889 513 2954 Palladis
546 2907 618 2952 esse
656 2889 801 2971 dicuntur,
839 2891 929 2952 Jovis
959 2888 1068 2950 rubrae
1105 2892 1137 2951 et
1169 2890 1398 2967 sanguineae.“

270 2995 402 3058 Acron
417 2992 570 3074 Nannii‚
595 3011 636 3054 ex
651 2995 773 3076 antiquo
786 2995 964 3075 interprete.
979 2989 1091 3053 utOre
1101 2991 1128 3053 ll
1138 2992 1198 3052 ius
1215 2995 1398 3073 suspicatur.

270 3095 325 3158 Sic
342 3097 425 3156 certe
446 3096 503 3156 lam
525 3096 720 3156 Pindarus
744 3096 865 3157 dixerat
883 3091 1034 3172 01.1Χ,6.
1051 3094 1105 3156 B.:
1127 3098 1189 3158 Δία
1208 3118 1242 3157 τε
1265 3119 1396 3175 φοινι-

271 3190 543 3278 κοστερόπαν,
565 3196 617 3258 cll.
646 3196 717 3257 ibid.
742 3217 790 3258 vs.
812 3195 872 3262 45:
901 3193 1107 3278 αἰολοβρόντα
1122 3191 1199 3268 Anda
1223 3197 1318 3279 αἴσᾳ,
1346 3197 1396 3255 ubi

157 3314 160 3320 ·
269 3297 339 3359 ltern
368 3300 401 3359 ut
430 3294 488 3358 boc
519 3297 604 3376 loeo,
640 3317 815 3381 quamquem
844 3298 991 3382 peculiari
1021 3298 1060 3358 dc
1091 3314 1210 3374 caussa,
1245 3297 1392 3356 diluvium

271 3397 514 3462 Deucalioneum
544 3399 644 3461 statim
668 3405 741 3480 post
769 3403 924 3465 memorari
952 3400 1076 3462 rideas:
1108 3401 1142 3460 ot
1168 3396 1249 3458 illum
1272 3395 1393 3458 Pindari

284 3523 367 3568 ocum
396 3503 525 3566 Horatio
550 3500 626 3563 heco
655 3503 799 3566 scribenti
822 3506 1018 3582 obversatum
1051 3519 1121 3564 esse
1145 3519 1163 3560 a
1183 3498 1394 3561 verisimilitu-

268 3609 336 3672 dine
356 3625 414 3670 oon
437 3606 526 3688 plane
549 3602 721 3667 abhorreat.

368 3729 400 3770 v.
422 3709 452 3771 7.
486 3710 553 3791 egit
575 3704 691 3788 visere]
713 3705 832 3770 Graeco
857 3707 945 3770 modo
967 3705 1076 3770 dictum
1101 3708 1151 3766 est
1171 3722 1227 3787 pro
1250 3723 1288 3768 co
1311 3705 1391 3786 quod

267 3813 371 3872 estut
392 3811 570 3889 viseret,
598 3807 714 3871 cir-C.
733 3809 756 3889 l,
783 3808 835 3888 12,
860 3809 937 3888 21,
962 3807 1017 3888 26,
1038 3809 1058 3872 2
1080 3808 1161 3870 alibi.
1205 3808 1262 3890 Qui
1285 3807 1392 3871 modus

265 3932 326 3995 quo
346 3913 470 3974 brevior
491 3915 540 3974 est
561 3929 599 3972 eo
623 3915 672 3971 est
694 3913 864 3991 nervoslor,
886 3913 948 3974 uid.
971 3915 1049 3976 lixo.
1070 3911 1132 3992 lv,
1153 3910 1192 3992 4,
1213 3911 1246 3974 2.
1271 3945 1314 3958 -
1342 3909 1392 3972 De

264 4015 379 4080 Proteo
403 4034 435 4076 u.
458 4014 556 4078 locum
579 4013 764 4074 notissimum
785 4014 910 4079 Homeri
926 4014 983 4078 od.
1004 4014 1060 4096 IV,
1082 4011 1280 4095 384-461,
1303 4029 1392 4096 quem

264 4118 395 4181 imitatus
419 4122 468 4181 est
489 4116 648 4196 Virgilius·
662 4115 698 4178 G.
720 4114 776 4195 lv,
799 4115 997 4180 387-452.

365 4240 398 4282 v.
421 4219 475 4285 31.
519 4219 614 4282 Nede
634 4229 682 4262 '-
711 4219 854 4296 tumeres
876 4215 1021 4302 amictas]
1051 4218 1119 4280 Hoc
1141 4219 1248 4298 aperte
1270 4218 1391 4278 mutua-

233 4388 238 4402 .
261 4327 311 4384 tus
332 4325 381 4384 est
404 4323 441 4384 ab
464 4321 652 4401 Homero,
679 4323 728 4401 qui
753 4320 791 4382 de
805 4319 957 4398 Minerva,
974 4319 1128 4382 Diomedis
1151 4319 1262 4383 comite
1284 4321 1317 4382 et
1336 4316 1391 4379 ad-

261 4423 378 4505 iutrice,
402 4422 437 4486 ll.
455 4424 502 4505 V,
530 4423 609 4488 186:
631 4455 672 4466 ·-
695 4421 771 4488 ἄλλα
790 4447 836 4498 τις
861 4422 935 4506 ἄγχι
950 4419 1071 4502 “Εστήκ’
1092 4417 1261 4488 ἀθανάτων
1284 4420 1393 4504 νεφέλῃ
