3072 5180
271 373 334 440 lat

373 589 412 604 -
434 554 582 638 Βανδίου]
611 594 632 635 5,
641 549 790 618 Consulto
820 568 893 612 usus
916 551 965 614 est
989 551 1132 619 Horatius
1155 551 1273 616 Graeco
1294 569 1394 614 voca-

271 659 343 724 bulo
365 655 535 744 βάρβιτος,
555 673 616 738 quo
638 673 729 740 quum
751 651 871 718 Graeca
895 654 960 714 eins
984 655 1089 734 poesis
1110 659 1215 716 natura
1236 653 1394 734 prodatur,

271 763 425 827 emtumen
455 757 576 842 aliquod
606 757 743 821 exoritur
772 756 851 818 luter
881 759 999 818 nomina
1027 757 1210 819 Latinum
1241 758 1273 817 ct
1299 755 1393 816 bar-

274 862 358 926 bito
384 864 417 925 et
437 861 505 943 ipse
532 859 716 940 „Humanae
735 857 847 918 iidicen¹
862 855 981 936 lyrae“
1009 857 1062 938 (Ο,
1076 857 1130 939 Ν,
1146 856 1178 938 3,
1198 855 1267 940 23.)
1289 858 1394 920 osten-

274 963 367 1026 ditur.
411 962 520 1045 Neque
550 960 640 1023 aliter
663 959 791 1039 positum
823 959 871 1018 eat
893 956 1040 1020 Graecum
1066 962 1245 1024 uocabulum
1268 960 1340 1039 C.l,
1363 959 1424 1036 l‚‘

271 1061 326 1128 34.
348 1062 548 1144 111‚ro,4.“
569 1059 743 1124 Dillenb.
776 1055 918 1120 Ueterum
940 1061 1061 1140 antiqua
1082 1062 1179 1124 iorma
1200 1065 1280 1143 apud
1295 1062 1395 1126 Grae-

271 1185 325 1230 cos
347 1165 399 1228 vel
422 1161 441 1240 ἤ
460 1160 610 1244 βάρβιτος
631 1160 683 1222 vel
706 1154 741 1224 τά
762 1156 932 1242 βάρβιτον,
953 1161 1124 1239 posteriore
1150 1163 1265 1224 demum
1288 1166 1393 1225 aetate

272 1265 290 1334 ὁ
310 1264 460 1351 βάρβιτος
479 1261 642 1326 masculino
665 1279 803 1340 genere·
819 1261 897 1323 Vide
918 1261 1041 1323 Jacobs.
1063 1260 1104 1326 A.
1126 1264 1163 1325 P.
1183 1284 1214 1345 p.
1236 1263 1309 1328 221.

332 1391 334 1396 ¹
373 1386 404 1427 v.
424 1365 457 1428 5.
487 1363 602 1427 Leada'o
619 1367 757 1448 primam
777 1365 936 1426 modulate
955 1361 1027 1444 οἱοί]
1048 1364 1126 1427 Post
1145 1383 1278 1448 eaquae
1299 1383 1394 1444 supra

272 1470 399 1535 vidimus
422 1469 476 1531 vix
504 1469 637 1548 mireris,
675 1468 755 1549 quod
777 1468 933 1533 Horatium
956 1467 1103 1530 Alcaeum
1129 1469 1253 1549 primum
1274 1467 1395 1532 barbito

273 1589 359 1634 usum
380 1586 452 1632 esse
474 1569 555 1632 dicit.
600 1569 676 1630 Nam
698 1565 816 1633 iul-enti
839 1589 914 1633 sane
935 1569 1053 1632 laudem
1076 1570 1257 1653 Terpandro
1279 1569 1395 1647 deberi,

271 1670 420 1736 Pindarus
444 1670 584 1752 locuples
612 1687 668 1733 nec
696 1670 871 1748 incognitus
899 1671 927 1732 ei
957 1675 1063 1736 auctor
1092 1676 1159 1736 erat
1179 1673 1259 1754 apud
1279 1669 1395 1734 Athen.

217 1793 223 1800 '
272 1773 358 1840 xiv.
382 1793 438 1856 pg.
466 1770 544 1838 635·
571 1772 627 1834 Dm
652 1766 786 1857 ἀρχαῖόν
811 1772 894 1836 ἐστιν
916 1769 1053 1856 ὄργανον
1074 1771 1093 1852 ἡ
1114 1772 1267 1858 μάγαδις,
1283 1775 1395 1854 σαφῶς

273 1873 434 1960 Πινδάρου
453 1876 598 1957 λέγοντος
619 1869 672 1938 τὸν
687 1875 890 1957 Τέρπανδρον
911 1871 1128 1958 ἀντίφθογγον
1148 1874 1248 1962 aipein
1261 1877 1298 1964 τῇ
1310 1867 1396 1956 παρά

273 1983 393 2054 Λυδοῖς
417 1980 542 2056 πηκτίδι
562 1968 630 2040 τάν
653 1971 869 2058 βάρβιτον·

375 2076 439 2145 Τόν
461 2076 501 2163 ῥα
522 2072 791 2161 Τέρπανδρός
810 2073 900 2142 ’ποθ’
923 2073 941 2144 d
963 2079 1103 2162 Λέσβιος
1123 2072 1211 2164 εὗρον

373 2183 497 2262 πρῶτος
520 2180 553 2246 ἐν
574 2182 726 2245 δείπνοισι
746 2182 860 2244 Λυδῶν

374 2279 498 2366 caepio
517 2278 734 2364 ἀντίφθογγον
755 2279 873 2366 dornick
893 2279 1014 2347 άνοάων
1034 2283 1190 2360 πηκτίδος.
1198 2279 1227 2360 ¹)

274 2385 465 2467 Terpander,
489 2385 515 2445 si
539 2383 671 2447 Pindaro
693 2384 852 2463 credimus,
876 2386 988 2464 primns
1012 2403 1030 2445 a
1049 2382 1145 2463 Lydis
1165 2383 1272 2445 modos
1287 2382 1396 2446 doctus

273 2505 374 2551 novas
396 2485 539 2570 quasdam
562 2484 638 2548 tides
669 2487 880 2566 excogitavit,
913 2484 952 2547 ad
981 2502 1055 2565 quas
1085 2482 1267 2546 canebantur
1294 2483 1396 2545 seclia

274 2589 312 2651 ab
335 2589 440 2653 eodem
459 2584 629 2669 inventa.²)
674 2587 740 2649 Nec
762 2587 962 2665 dubitandum,
986 2584 1056 2665 quin
1065 2584 1212 2646 Pindarus
1228 2583 1397 2664 perlectam

271 2691 354 2756 illam
376 2694 408 2754 et
427 2690 596 2755 absolutam
617 2688 725 2769 lyram,
749 2683 908 2770 φόρμιγγα
927 2682 1147 2768 ἑπτάγλωσσον
1168 2681 1400 2767 (recavet.)

273 2794 343 2855 sive
364 2789 560 2857 ἐπτάντυπον
582 2790 688 2872 (Pytb.
707 2789 758 2870 ll,
780 2788 866 2874 ib),
900 2785 1126 2870 ἓπτάγνδογγον
1157 2792 1209 2852 aut
1229 2783 1400 2852 ἑπτάτονον

275 2893 366 2975 gravo
386 2893 521 2973 biuripidi
542 2892 628 2976 [don.
648 2891 744 2974 est,
772 2890 844 2957 Alc.
864 2889 976 2973 dib),
1006 2890 1248 2953 testudinem
1279 2906 1399 2951 reso-

276 3011 371 3058 nare
393 2999 546 3074 septem
573 2995 759 3058 callidam
782 2996 920 3056 neruis
944 2994 1062 3056 Horatii
1085 2992 1281 3055 intellexerit.
1323 2992 1398 3054 Nam

276 3094 354 3157 banc
376 3094 471 3174 ipsam
494 3097 533 3160 ab
556 3096 609 3158 illo
629 3097 784 3158 inventam
806 3097 927 3158 tradunt
937 3093 983 3178 ³),
1017 3096 1049 3156 et
1076 3093 1144 3174 ipse
1170 3095 1227 3156 sibi
1254 3093 1399 3172 vindicat,

277 3194 357 3276 quod
379 3195 531 3277 inventum
552 3193 602 3255 alii
626 3194 762 3275 Apollini
786 3197 930 3274 tribuunt,
951 3198 984 3257 nt
1004 3193 1208 3268 Callimachus
1222 3195 1260 3257 ll.
1285 3196 1313 3256 in
1329 3194 1398 3256 lie-

328 3553 359 3621 1)
378 3551 489 3609 Pindari
506 3551 613 3627 Fragor.
632 3561 675 3616 91.
695 3553 812 3612 Boeclrb.
833 3572 857 3627 p.
875 3560 935 3613 617.

328 3652 360 3720 2)
378 3651 466 3710 Piut.
484 3654 517 3710 de
536 3658 637 3712 musice
656 3673 676 3716 c.
695 3664 746 3717 28:
765 3653 791 3712 εί
805 3656 849 3723 di,
874 3654 1005 3725 andriano
1022 3652 1158 3726 Πίνδαρόν
1176 3675 1255 3726 φησι,
1280 3662 1325 3710 aul
1347 3657 1402 3710 τῶν

379 3735 494 3792 cocitum
511 3739 601 3806 palicia
617 3739 788 3814 Τέρπανδρος
810 3741 917 3813 τάριτήι
934 3734 977 3810 ἦν.
994 3739 1134 3800 'Scolia
1158 3748 1245 3796 autem
1262 3739 1401 3796 Gramma·

379 3821 427 3872 tici
448 3827 556 3878 omnino
577 3839 610 3878 ea
628 3830 748 3882 carmina
766 3825 970 3896 nuncupabant,
999 3840 1067 3896 quae
1091 3841 1140 3895 per
1158 3829 1230 3882 vices
1249 3842 1266 3880 a
1286 3827 1401 3897 singulis

381 3900 417 3954 ad
434 3902 562 3960 oitbarern
581 3917 691 3964 mutata
708 3925 768 3966 eane
785 3909 1042 3966 animaduerterent:
1061 3909 1134 3981 quod
1152 3912 1179 3964 ln
1191 3909 1290 3966 Socliis
1303 3913 1401 3966 ledum

380 3984 506 4040 traditur.
540 3989 595 4046 Alii
616 3993 709 4049 eaden
722 3992 920 4060 Encomiornm,
937 3997 999 4049 item
1016 3992 1175 4063 Παροινίοιν
1193 3999 1300 4050 nominc
1320 3996 1401 4050 iatius

381 4073 490 4138 patente
508 4077 742 4147 comprehendunt.
782 4078 821 4134 Ac
839 4076 951 4132 Pindari
977 4080 1082 4151 quidem
1105 4078 1197 4133 Scolia
1221 4095 1276 4133 non
1299 4084 1401 4132 tanturn
1445 4105 1451 4116 ·

381 4161 490 4210 cantata
507 4159 587 4232 idque
599 4159 684 4232 Lydio
704 4162 794 4228 modo,
815 4162 862 4217 sed
883 4163 960 4217 simui
977 4170 1038 4217 acta
1056 4168 1083 4218 et
1099 4163 1198 4216 saltata
1212 4177 1271 4218 esse
1287 4161 1400 4217 aoboro

379 4246 483 4296 cantori
501 4251 612 4313 parente
633 4245 834 4302 lloeelrlrlus
851 4247 950 4318 probat
968 4246 983 4303 i.
1003 4263 1022 4304 c.
1045 4253 1071 4301 et
1090 4263 1114 4316 p.
1132 4251 1190 4304 607.

325 4333 518 4475 3)8γ1ιλ1οοι
542 4343 864 4415 Τέρπανδρος-λυρικός,
889 4341 916 4402 dr
938 4343 1045 4416 πρῶτος
1070 4345 1140 4400 ἑπτά
1166 4342 1268 4417 χορδῶν
1291 4342 1402 4411 ἐποίησε

377 4439 429 4488 την
461 4429 554 4492 opum*
