3064 5206
1171 407 1233 476 151

79 625 82 636 ·
109 601 248 681 usurpari
277 588 384 676 λεννὴν
405 592 522 679 ἡμέραν
550 593 609 660 hee
639 594 746 659 medor
781 592 928 660 Periclem
958 615 1046 681 quum
1065 597 1233 664 Samiorum
1364 621 1367 628 ⁴

111 699 210 763 urbem
234 699 441 780 oppugnaret,
456 696 684 762 Atheniensium
705 698 873 760 exereitum
894 715 1008 760 emnem
1028 699 1057 762 ln
1072 702 1141 762 nete
1156 716 1233 781 par-

110 805 158 865 tes
181 801 336 882 divisisse,
359 818 483 883 quarum
504 817 563 864 una
578 820 651 883 pars
664 819 701 863 se
714 800 808 883 quieti
824 799 898 860 dara
922 801 954 861 et
978 799 1094 880 epulari
1112 803 1232 883 posset,

108 922 198 986 quum
221 906 342 966 ceterae
364 904 455 965 nehus
476 905 621 982 gerendis
644 901 839 976 interessent3
860 901 932 980 illud
952 903 980 962 in
1006 901 1072 963 dies
1092 902 1234 982 singulos

111 1005 284 1084 contigisse
296 1003 335 1064 iis
354 1006 405 1086 qui
427 1005 514 1067 alhas
530 1007 620 1070 fabas
643 1008 744 1070 sortiti
767 1007 882 1068 essent.
907 1004 986 1067 'l'um
1002 1003 1102 1067 addit:
1123 1001 1238 1072 dedunt

112 1130 191 1191 φασι
206 1103 322 1182 rodger
339 1103 522 1182 οὗπαθείανς
538 1113 597 1172 τισὶ
605 1109 792 1189 γενομένους
805 1101 943 1182 λεννὴν
963 1104 1115 1188 ἡμέραν
1136 1107 1234 1174 luel·

85 1213 89 1219 ’
111 1227 179 1289 νην
198 1207 260 1275 dud
273 1207 579 1292 τοῧλεακοῧανάμοα
589 1205 840 1295 προσαγορεύειν.
862 1209 941 1274 Hine
955 1207 1084 1272 Surdas:
1105 1208 1236 1290 Λεναὴ

112 1317 260 1398 ψῆφος·
288 1315 443 1395 παροιμία
463 1310 518 1390 ἐπὶ
539 1307 600 1376 τῶν
623 1310 809 1396 addemnatur
830 1309 960 1387 ζώντων.
1005 1311 1119 1375 Putant
1141 1315 1238 1393 igitur

110 1417 156 1480 illi
178 1419 284 1492 λευκῆς
306 1410 426 1497 ἡμέρας
447 1414 681 1495 appellationem
699 1416 738 1478 alr
759 1414 846 1478 albe
869 1415 1025 1478 ealeule
1044 1418 1139 1478 eriam
1154 1435 1237 1500 esse‚·

110 1519 203 1600 idque
230 1521 262 1581 ut
291 1501 424 1599 prebent
454 1515 532 1580 alius
562 1517 622 1579 alia
650 1519 774 1579 narrant
800 1515 851 1580 rel
879 1517 917 1578 de
945 1519 1236 1584 externismerllus

112 1623 167 1685 vel
189 1623 227 1684 de
247 1621 455 1700 singularibus
469 1620 579 1682 iaetisr
599 1638 678 1702 quae
693 1625 790 1682 utrum
813 1617 896 1682 vern·
908 1621 1020 1688 luerint
1040 1638 1078 1683 an
1097 1623 1236 1703 eenheta,

111 1725 152 1788 nil
176 1725 291 1788 refert:
320 1741 426 1786 verum
450 1712 515 1785 teta
536 1713 596 1784 ista
617 1724 696 1784 ratle
719 1725 752 1784 et
774 1724 841 1802 ipsa
860 1740 917 1802 per
936 1721 975 1783 se'
993 1725 1097 1802 parum
1119 1726 1236 1804 preha-

114 1830 184 1892 hills
209 1829 332 1891 videtur
355 1829 389 1889 et
408 1829 546 1888 veterum
571 1825 751 1885 auctoritate
774 1839 901 1903 prorsus
924 1825 1019 1884 earet

213 1930 349 1991 Veteres
372 1927 448 1987 enlm
471 1922 598 2000 Graeci,
625 1913 716 2004 uuum
741 1939 838 2002 saepe
864 1918 970 1986 λευκόν
991 1918 1074 2004 ἡμαρ
1099 1926 1132 1986 et
1158 1915 1238 2001 tw.

111 2026 183 2111 αὴν
201 2026 351 2111 ἡμέραν
381 2023 530 2087 translate
550 2024 698 2102 dixerint,
729 2041 874 2107 nusquam
896 2027 996 2088 tamen
1020 2027 1178 2109 quiequam
1200 2023 1238 2093 de‘

111 2135 183 2197 alluo
206 2129 324 2195 ealeulo
346 2127 534 2206 addiderunt,
559 2125 806 2189 uee'lleredntns
828 2133 880 2190 aut
901 2127 978 2192 alius
1000 2119 1132 2212 scriptur
1147 2137 1239 2197 vetus

114 2233 167 2302 de'
188 2232 371 2314 Scytharum
414 2227 608 2291 'l'hrneumve
653 2228 784 2290 meminus
826 2232 964 2293 reterens
999 2232 1089 2296 istum
1126 2253 1239 2299 murem

114 2335 372 2403 commemoravit.
416 2331 557 2395 Nimirum
580 2329 623 2392 illl
637 2326 743 2406 λεανὸς
758 2333 934 2414 simpliciter
956 2335 995 2398 ab
1017 2338 1116 2402 alma
1137 2338 1236 2421 lune,

110 2445 181 2504 slve
210 2458 228 2501 ο
256 2438 324 2500 luce
348 2434 422 2498 selis
445 2433 528 2497 elara
549 2433 708 2498 laetificum
732 2435 845 2519 aliquid
870 2444 903 2503 et
921 2429 1022 2502 hilare¹
1032 2440 1174 2522 habente,
1197 2443 1237 2506 ad
1282 2463 1285 2470 ·

109 2545 203 2610 iaustl
226 2544 258 2604 et
278 2541 356 2602 hene
379 2537 501 2600 eminati
518 2537 995 2623 traduxeruntsignificationem,
1018 2546 1164 2626 opposita
1177 2533 1238 2608 nen

108 2651 204 2712 minus
226 2642 351 2722 vulgari
380 2644 496 2703 atrae
524 2643 659 2720 ¹nuetis
682 2643 827 2718 imagine.
870 2645 952 2706 vide
974 2644 1124 2725 Aeschyl.
1148 2646 1238 2720 Pers,

108 2749 175 2816 386
196 2766 256 2830 sq„
278 2743 375 2825 Soph.
397 2743 449 2804 Ai.
470 2740 564 2820 673„
587 2742 692 2821 llurlp.
715 2733 832 2830 rl'ruad.
854 2741 928 2805 847.
951 2745 1058 2806 Binda
1088 2762 1105 2806 e
1129 2743 1238 2824 quihus

106 2854 184 2917 loeis
211 2845 247 2912 τὰ
277 2841 470 2909 λεναονέαῖλαα
495 2843 611 2924 φέγγος
639 2839 758 2921 ἡμέρας
784 2841 874 2902 facile
899 2843 927 2903 iu
953 2851 1063 2904 sensus
1086 2845 1238 2921 figuratus

107 2949 269 3017 transferri
291 2945 430 3027 putuisse
450 2943 518 3021 ipsa
541 2939 609 3002 lune
630 2939 822 3002 elarius'est.
850 2942 890 3003 ei.
905 2933 1236 3022 AeschylllnmJllia

113 3049 194 3136 φάος
223 3050 357 3130 μαντον.
401 3040 450 3106 Λα
480 3041 633 3118 figuratae
661 3041 785 3103 arcum
808 3042 859 3104 vu
887 3027 1015 3108 munitur
1036 3044 1089 3108 ruo
1110 3044 1239 3129 Sopho-³

109 3154 166 3218 elis
189 3152 218 3212 in
239 3148 292 3210 Al.
318 3141 400 3210 709:
433 3147 511 3224 Mu,
536 3137 656 3225 dzse,
680 3139 767 3228 πάρα
793 3139 936 3210 teneda
960 3145 1159 3232 ενάίμερον
1182 3174 1239 3215 ns-

105 3252 200 3320 λαὶσαι
227 3246 327 3334 μαίας
346 3251 434 3314 Θοᾶν
464 3243 609 3312 ὠκυάλων
639 3249 722 3312 νεῶν.
768 3243 886 3308 Atussa
917 3267 1009 3334 rere,
1037 3253 1165 3338 suspltls
1184 3253 1238 3318 tilii

109 3356 237 3436 aeeepte
261 3352 385 3430 nunelu,
409 3350 488 3432 apud
508 3347 695 3429 Aeschylum
720 3347 807 3410 Persss
829 3345 909 3415 300:
992 3357 996 3364 '

268 3452 356 3534 ἓμοΐς
375 3445 542 3535 piretune
564 3449 703 3534 δώμασιν
725 3449 825 3534 φαός
844 3453 952 3535 μέγα

264 3557 319 3618 καὶ
335 3548 479 3618 λευκὰν
498 3547 517 3632 ἡ
523 3579 602 3636 μαρ
624 3550 732 3628 ννκνὸς
755 3555 788 3620 ἐκ
807 3558 1009 3636 μελαγχίμου.
1128 3573 1130 3584 ’

110 3658 194 3724 ldem
216 3655 395 3736 Aeschylus
417 3657 530 3735 Agam.
553 3655 637 3721 6682
668 3701 671 3706 ,

244 3747 371 3822 ’ἔπειτα
393 3756 539 3837 «immine
559 3755 687 3821 πόντιον
707 3749 900 3836 mensurent-

266 3854 406 3925 λευκόν
428 3855 503 3922 κατ’
525 3851 637 3940 ἡμαρ.
690 3885 731 3894 ’·
847 3884 851 3892 “

106 3965 212 4047 Atque
234 3963 374 4043 tragicus
395 3962 530 4042 inprimis
553 3963 585 4023 et
599 3958 706 4022 deinde
725 3959 857 4023 eominus
878 3962 990 4041 poetas
1009 3960 1070 4024 iste
1092 3959 1238 4044 loquendi

109 4071 238 4146 genere
259 4066 357 4128 inisse
386 4063 558 4127 deleetatos
581 4079 639 4124 non
666 4059 761 4122 sulum
789 4077 831 4122 ex
859 4061 897 4121 lis
928 4078 1004 4142 quus
1028 4063 1142 4141 pretuli
1162 4061 1240 4127 lueis

62 4231 65 4240 ,
106 4170 209 4250 patet,
240 4167 296 4230 sed
319 4185 360 4229 ex
384 4166 522 4248 plnrlhus
546 4165 635 4228 etism
656 4180 732 4245 qnos
755 4161 950 4243 suppeditant
972 4161 1183 4242 Grammatiel3
1207 4170 1241 4232 et

106 4273 193 4332 reete
214 4270 329 4333 omnine
353 4267 395 4330 llll
418 4262 530 4346 λεννὴν
548 4262 666 4353 ἡμέραν
689 4265 846 4348 explicant
866 4258 951 4346 ,,νὴν
972 4259 1102 4347 dyadis
1122 4273 1176 4335 ναὶ
1192 4260 1241 4336 dn'

107 4365 322 4456 edppwiap.“
368 4371 447 4434 Vide
470 4369 635 4452 Suphnells
657 4387 699 4434 ex
720 4360 903 4446 Athamante
925 4369 961 4431 ir.
982 4365 1033 4432 10.
1047 4369 1151 4454 Illud,
1173 4374 1240 4438 Eu·

110 4469 224 4552 polldis
250 4487 292 4532 ex
313 4470 534 4539 Adulaturihus
558 4473 599 4536 ir.
622 4469 693 4540 179.
716 4471 823 4556 llleln.‚
844 4470 1003 4537 lllenaudrl
1027 4488 1069 4534 ex
1090 4472 1242 4538 lueueadla
