3046 5224
511 1006 879 1101 Prooemium.

389 1180 441 1241 Da
460 1179 594 1244 Horatio
618 1183 809 1245 Graecorum
835 1183 999 1244 imitatore.

584 1383 795 1394 ,ι’-...ια

228 1552 263 1644 Si
287 1575 357 1658 quid
388 1593 450 1654 ego
480 1579 509 1638 in
531 1577 707 1642 Graecismo
733 1579 918 1660 Horatiano,
949 1579 1106 1644 cultissimi
1139 1586 1251 1663 poetae

125 1679 247 1742 horrido
270 1680 398 1742 sancet
423 1679 536 1742 inculto
564 1683 690 1763 agello,
722 1681 881 1746 tractando
904 1683 985 1764 quod
1007 1701 1065 1746 uon
1085 1684 1162 1746 male
1184 1687 1254 1750 mihi

126 1785 256 1846 cesserit
287 1780 425 1862 profeci:
459 1783 563 1843 summi
592 1784 651 1844 viri
674 1779 920 1860 Bernhardyi
949 1784 1015 1862 est,
1044 1802 1132 1865 quem
1159 1789 1252 1864 grato

124 1887 222 1946 animo
248 1883 394 1946 confiteor
422 1881 491 1944 mihi
514 1888 668 1946 auctorem
690 1883 928 1944 humanissimum
958 1885 990 1942 et
1012 1883 1051 1944 ad
1072 1886 1251 1960 ingrediem-

126 1986 191 2050 dam
216 1990 249 2049 et
270 1987 308 2047 ad
337 1983 558 2062 suscipiendam
584 1985 730 2044 rationem
757 1981 861 2042 horum
890 1976 1054 2044 studiorum
1082 1988 1251 2051 exstitisse.

123 2088 220 2150 Huius
236 2089 312 2149 enim
335 2101 482 2148 censurae
501 2086 686 2148 recensionis
698 2081 939 2164 Peerlkampiil)
951 2087 984 2148 et
1005 2085 1250 2152 editionisOrel-

123 2190 221 2253 lianae
237 2185 268 2272 ²)
292 2190 324 2250 ut
353 2186 531 2250 Germaniae
560 2187 662 2248 decori
691 2189 779 2266 sunt,
809 2187 852 2248 ita
881 2185 1102 2268 interpretibus
1130 2191 1251 2258 Horatii

123 2292 206 2373 pleni
233 2288 436 2355 commentarii
456 2288 553 2350 instar
580 2290 613 2351 et
635 2287 733 2352 veluti
753 2288 854 2352 lucida
875 2289 1021 2372 quaedam
1044 2292 1145 2354 sidera
1178 2313 1249 2360 esse

124 2392 251 2472 debent,
281 2395 389 2474 utpote
416 2409 473 2471 per
502 2390 644 2452 tenebras
672 2391 809 2454 micantia
840 2393 873 2453 ct
899 2393 1001 2454 rectas
1030 2411 1067 2455 ae
1096 2395 1248 2461 salutares

29 2506 31 2521 ¹
122 2496 192 2557 vias
213 2493 307 2572 longe
335 2495 458 2574 iateque
480 2493 706 2555 coiiustrantia:
735 2491 872 2575 adquae
900 2510 963 2570 ego
987 2497 1071 2556 certe
1094 2495 1246 2578 inceptum

121 2598 179 2658 iam
203 2595 320 2676 aliquot
340 2595 446 2663 abhinc
469 2596 571 2674 annis,
600 2594 656 2655 sed
681 2595 883 2658 intermissum
914 2595 1061 2658 interdum
1083 2603 1135 2660 aut
1157 2601 1249 2680 plamc

27 2760 30 2773 ,
122 2699 312 2760 aberrantem
333 2697 409 2760 humo
432 2717 549 2760 cursum
572 2696 682 2758 direxi.
725 2696 756 2758 ls
787 2699 899 2776 igitur,
929 2715 1007 2778 quae
1037 2716 1114 2762 uera
1142 2703 1192 2764 vis
1215 2708 1248 2769 et

42 2869 44 2875 q
121 2801 200 2862 ratio
223 2799 329 2879 poesis
353 2797 556 2876 Augustauae
577 2801 680 2880 esset,
705 2800 811 2861 meiius
835 2819 872 2862 ac
893 2798 1012 2878 planius
1034 2818 1122 2880 quam
1143 2800 1246 2865 Inter-

120 2905 226 2986 pretes
256 2901 392 2979 edocuit,
419 2901 451 2961 et
471 2904 640 2982 postquam
668 2919 761 2982 supra
790 2919 904 2962 ornnem
927 2900 1120 2963 dubitationis
1149 2905 1246 2970 aleam

125 3002 282 3064 coustituit
305 3019 370 3061 eam
396 3001 513 3059 omuino
532 3005 596 3064 arte
617 3004 729 3065 factam
751 3004 783 3064 ct
802 3020 844 3063 ex
861 3002 941 3064 bona
962 3018 1132 3083 magnaque
1159 3009 1248 3086 parte

120 3100 302 3163 rhetoricam
326 3098 490 3163 habendam
516 3120 603 3183 esse,
632 3121 710 3185 quae
731 3103 800 3165 iude
822 3104 965 3184 proiecta
993 3105 1064 3167 sunt
1083 3105 1171 3170 iuxta
1195 3110 1246 3172 in-

21 3203 24 3216 ‘
120 3203 274 3268 commoda
298 3206 389 3284 atque
415 3204 545 3266 virtutes
567 3208 672 3268 contra
695 3206 933 3286 Peerlkampium
956 3206 1136 3287 aequissima
1157 3208 1245 3275 lance

120 3308 152 3368 ct
174 3307 341 3370 certissimo
363 3306 473 3369 iudicio
499 3309 683 3387 ponderavit
713 3313 745 3370 ct
768 3302 1003 3390 exaequavit.³)
1053 3308 1160 3391 Itaque
1181 3323 1260 3376 curn

118 3409 173 3472 vel
194 3411 224 3470 in
245 3409 379 3470 omuibus
411 3408 611 3484 scriptoribus
631 3408 769 3470 classicis
792 3413 824 3472 ct
842 3408 1043 3488 prudentibus
1066 3409 1185 3490 plenam
1208 3433 1245 3480 ao

117 3513 268 3592 propriam
297 3507 581 3585 ¹interpretationem
618 3509 780 3569 iustissime
809 3510 1013 3589 postulemuS,
1044 3513 1106 3572 tum
1141 3515 1170 3574 in
1198 3515 1245 3579 his

118 3613 196 3690 ipsis
220 3609 291 3669 aevi
311 3605 488 3682 Augustani
509 3609 612 3684 poetro
636 3625 748 3668 summa
769 3608 824 3668 lex
843 3611 1061 3689 interpretandi
1085 3633 1141 3676 nou
1162 3617 1247 3682 iubet

119 3727 157 3770 ea
181 3725 302 3786 semper
324 3707 475 3787 inquirere
499 3709 531 3766 et
553 3709 657 3788 sequi,
682 3723 757 3786 quae
779 3707 838 3766 vim
863 3710 1008 3788 quandam
1029 3713 1155 3780 afferant
1175 3739 1247 3782 ser-

117 3809 214 3889 moni,
244 3810 278 3870 ut
305 3823 360 3870 eos
392 3828 451 3891 quo
474 3810 602 3894 quisque
626 3809 742 3872 doctius
767 3825 802 3870 ac
829 3825 927 3890 prope
951 3809 1077 3873 dixerim
1099 3819 1246 3885 artificio-

169 4047 199 4118 1)
216 4046 289 4103 Berl.
307 4043 402 4100 Jahrb.
419 4043 437 4096 i.
456 4044 528 4096 miss.
547 4041 646 4100 Kritik.
667 4051 733 4103 1835
750 4050 848 4102 memsis
867 4045 936 4104 Maii
955 4047 1003 4102 Nr.
1021 4046 1087 4105 XCt.
1104 4066 1162 4122 sqq.

169 4147 198 4214 2)
215 4144 326 4216 Ailgem.
346 4145 541 4216 Litcraturztg.
562 4150 636 4202 1837.
656 4143 723 4197 Nou.
744 4143 804 4199 Vel.
824 4145 870 4200 ill.
888 4145 934 4200 Nr.
954 4155 1006 4203 202
1024 4164 1065 4218 sq.

49 4275 53 4282 ·
167 4247 194 4312 3)
212 4244 243 4298 lm
261 4260 376 4300 censura
392 4243 572 4314 Peerlkampii
593 4243 609 4297 l.
626 4258 647 4296 c.
663 4260 688 4312 p.
703 4245 756 4301 750
774 4257 814 4312 sq.
843 4243 898 4297 Cir.
918 4245 1002 4298 eiusd.
1021 4244 1088 4302 Hist.
1101 4247 1152 4304 litt.
1170 4249 1245 4308 Rom.

220 4329 260 4382 ed.
286 4331 332 4388 alt,
358 4350 375 4402 p
410 4339 462 4388 237
484 4347 541 4402 sq,
578 4334 605 4382 ct
633 4330 678 4399 qui
702 4329 759 4381 eius
787 4326 844 4382 iere
872 4331 989 4398 vestigia
1013 4331 1170 4390 subsecutus
1194 4318 1292 4402 esuri,

219 4411 427 4467 Eichstadii
446 4412 588 4468 Paradoua
606 4413 669 4468 Hor.
688 4412 929 4482 (Jema1836)Vi.
949 4421 1016 4466 extr.
1192 4375 1279 4580 [pst

1019 4503 1035 4563 l
1248 4499 1259 4516 .

2 4461 8 4529 i
