3046 5224
283 543 370 607 quam
391 527 460 590 allbl
483 528 534 610 (v.
549 527 687 590 Ρτοοοον.
709 530 771 590 not.
788 523 855 608 15),
873 529 997 610 saepius
1020 533 1052 591 ct
1073 530 1260 594 mcdllestlns
1274 531 1418 594 imitatus

281 633 346 709 est,
369 629 414 691 ld.
435 629 479 711 ll,
504 628 583 693 1212

422 736 525 814 Κραοὶ
549 729 663 816 δ’ἒχων
684 731 842 816 λεύκαν,
860 731 1033 817 Ἡρακλέος
1056 729 1139 818 ἱερὸν
1162 736 1261 816 ἔρνος.

384 853 414 895 v.
436 833 489 900 28.
556 838 667 902 cerm
686 841 769 900 anim
785 841 933 921 promisit
950 841 1075 922 Apollo,

500 941 693 1023 Ambiguum
714 942 826 1002 tollore
845 961 927 1003 αοοα
950 941 1116 1004 Salamina
1135 937 1307 1023 fulturam]

278 1037 633 1122 Unrlp.l.c.148=*

377 1137 425 1216 Ἐς
448 1147 503 1224 γῆν
527 1143 650 1208 ἐναλίαν
670 1139 816 1227 Κύπρον,
836 1137 873 1209 οὗ
892 1142 924 1226 μ’
950 1144 1172 1209 ἐθέσπισεν

378 1243 514 1308 Olario
540 1240 748 1310 ’Auditor
771 1243 900 1330 ὄνομα
922 1239 1167 1324 νησιωτικόν

377 1347 587 1429 Σαλαμῖνα
606 1347 778 1430 θέμενον
800 1351 854 1427 τῆς
876 1347 942 1414 ἐκεῖ
959 1345 1050 1431 χάριν
1068 1345 1202 1428 πάτρας.
1254 1379 1256 1385 ·

381 1467 413 1509 v.
433 1446 486 1511 30.
526 1456 701 1536 peioraque
719 1449 821 1536 passi]
854 1452 1065 1514 Homerica
1087 1453 1178 1514 dictio
1196 1456 1236 1516 et
1259 1453 1410 1514 consola-

278 1545 319 1606 tlo
350 1555 416 1629 ost,
454 1551 512 1640 0d.
545 1551 700 1634 xllootl,
733 1555 781 1614 ubl
805 1554 912 1617 Ulixes
934 1556 1043 1617 sociis:

399 1648 443 1716 'o
465 1662 565 1736 φίλον,
590 1655 627 1720 ον’
648 1652 710 1738 γάρ
735 1679 784 1718 πω
808 1681 837 1718 τι
856 1661 957 1720 κακῶν
981 1654 1154 1736 α’δαῆμονὲς
1176 1658 1267 1736 οἶμον,

277 1757 310 1816 et
321 1755 394 1836 XX,
410 1757 462 1838 21,
486 1761 534 1820 ubi
559 1760 680 1822 sibimet
703 1759 788 1838 ipse,
810 1758 840 1818 id
856 1756 938 1839 quod
961 1763 1089 1842 propius
1111 1761 1147 1820 ad
1172 1759 1201 1819 lr.
1223 1759 1245 1819 l.
1269 1761 1401 1822 aceedit:
1502 1771 1503 1822 l

321 1861 460 1926 Τέτλαθι
482 1857 534 1942 δη,
556 1867 681 1945 κραδίη·
707 1867 771 1925 καὶ
795 1860 985 1944 κύντερον
1008 1860 1101 1926 dito
1120 1859 1210 1924 ποτ’
1235 1860 1378 1940 ἔτλης.Ι

278 1957 342 2022 Cir.
366 1963 455 2042 Virg.
481 1968 521 2028 Α.
544 1965 574 2045 l,
601 1963 673 2032 198.
705 1964 798 2028 Ouid.
819 1965 875 2027 Tr.
899 1964 938 2044 V,
963 1963 1021 2052 ll,
1042 1966 1075 2026 7.

707 2121 837 2199 Cnrrn.
866 2121 900 2215 l,
929 2119 964 2199 8.

377 2244 425 2306 lle
447 2254 628 2326 argumento
650 2249 787 2314 carminis
809 2250 915 2310 confer
937 2248 976 2309 ad
1001 2246 1037 2312 U.
1052 2247 1082 2328 l,
1106 2247 1156 2328 5.,
1178 2249 1216 2308 de
1237 2249 1405 2309 nominibus

273 2361 469 2423 personarum
498 2351 707 2412 amatoriarum
739 2349 817 2411 llxc.
845 2349 884 2412 ll.
922 2350 1048 2428 Lydia
1079 2351 1154 2410 enim
1190 2347 1247 2430 pro'
1279 2351 1405 2430 tenella,

269 2446 298 2506 ¹S
305 2447 447 2525 ylaris
471 2455 590 2532 antem,
615 2455 706 2514 fortis
729 2450 817 2514 modo
840 2469 877 2512 ao
900 2451 992 2515 durus
1018 2448 1211 2528 adolescens,
1234 2471 1311 2515 nunc
1333 2454 1404 2533 Ly-

274 2547 341 2610 diae
364 2569 465 2614 amoro
489 2553 634 2635 irretitus,
658 2571 715 2634 pro
738 2552 820 2614 molli
847 2555 879 2613 et
903 2552 1067 2615 delicatulo
1091 2552 1247 2616 habendus
1272 2559 1330 2618 art.

380 2672 412 2714 r.
439 2651 490 2718 13.
511 2675 583 2740 sqq.
631 2657 716 2736 Quid
736 2659 815 2718 latet
841 2664 878 2717 ut
898 2659 1041 2718 marinae
1054 2656 1172 2742 Filium
1194 2659 1303 2724 dicunt
1321 2657 1402 2722 ole-

272 2751 359 2838 odis]
382 2756 467 2823 Hanc
490 2760 635 2841 fabulam,
658 2778 719 2842 qua
742 2757 899 2822 Achilleus
925 2758 995 2818 sub
1017 2758 1231 2821 lacrimosa
1256 2763 1399 2823 Troiae

271 2859 412 2924 lunera
443 2865 473 2926 in
495 2863 597 2944 Scyro
627 2863 726 2926 insula
754 2863 874 2925 abditus
903 2862 981 2925 inter
1008 2863 1189 2943 Lyoournodis
1213 2865 1301 2941 regis
1323 2864 1400 2926 filias

272 2964 457 3029 muliebriter
481 2968 627 3031 educatus
650 2967 876 3032 etDoidanniae
900 2984 1002 3028 amore
1027 2971 1134 3047 captus
1156 2966 1222 3044 luit,
1249 2965 1346 3028 donec
1364 2967 1401 3026 ab

273 3063 365 3125 Ulixe
390 3067 499 3130 callido
524 3071 650 3132 consilio
670 3069 810 3133 detectus
834 3073 866 3132 et
886 3071 915 3128 in
938 3072 1054 3149 partem
1071 3069 1210 3129 instantis
1226 3067 1299 3128 belli
1311 3086 1402 3146 pro-

272 3168 415 3242 reptus
438 3171 497 3244 est,
519 3169 644 3244 ignorat
665 3169 815 3230 Homerus
841 3170 890 3247 qni
908 3167 970 3230 lroc
994 3185 1081 3227 unum
1108 3165 1218 3246 Achilli
1241 3167 1345 3226 tribuit
1366 3169 1402 3232 ll.

272 3264 360 3344 XlX,
382 3263 465 3329 3262
484 3263 543 3328 ’Ha‘
565 3262 618 3330 οόν
639 3261 674 3338 ὃς
693 3265 807 3352 Σκίρῳ
832 3291 886 3346 μοι
907 3265 954 3327 ἕνα
977 3269 1119 3345 τρέφεται
1142 3267 1230 3340 φίλος
1250 3260 1329 3332 olor:
1362 3266 1401 3325 ad

273 3384 360 3447 quem
381 3367 478 3428 locum
503 3371 628 3430 veteres
651 3365 843 3428 Scholiastae
872 3365 1069 3442 adnotarunt,
1101 3361 1220 3422 fundum
1247 3360 1326 3427 illius
1348 3364 1400 3424 lu-

272 3468 364 3534 bulae
384 3469 482 3530 luisse
505 3469 534 3528 in
556 3467 649 3530 lliade
670 3486 769 3550 parva
793 3470 824 3530 et
848 3467 927 3548 apud
950 3461 1143 3546 Cyclicns¹.·⁸
1178 3463 1309 3526 Eandem
1333 3469 1399 3528 tra-

272 3580 392 3639 ctarunt
412 3573 559 3652 Tragici,
581 3570 753 3654 Sophocles
785 3574 817 3634 et
840 3569 1001 3648 Euripides
1025 3569 1057 3633 ἐν
1080 3570 1231 3648 Σκυρίοις
1239 3610 1248 3647 ,
1277 3586 1399 3649 quorum

238 3696 245 3702 ·
272 3675 324 3738 ille
348 3679 467 3740 Ulixem
490 3675 566 3748 haec
586 3674 760 3758 loquentem
780 3675 855 3736 lacit
876 3672 988 3750 fragm.
1010 3671 1086 3736 497.
1111 3670 1170 3733 D.:

345 3830 347 3837 ,
378 3774 426 3842 Σοί
451 3771 515 3842 o’d
536 3773 571 3840 νδ
592 3769 737 3859 λαμπρὸν
758 3781 823 3857 φῶς
843 3771 1037 3856 οἷοοοβεννίς
1057 3777 1179 3858 γένους,
1212 3831 1215 3838 ,

278 3911 280 3920 u
375 3880 510 3958 Ξαίνενς,
529 3876 658 3960 α’ρίστοο
680 3873 799 3960 πατρὸς
818 3874 968 3956 Ἑλλήνων
991 3876 1106 3961 γεγώς;

324 4075 355 4146 1)
374 4077 462 4132 Sulrnl.
482 4079 587 4134 Villois.
606 4095 661 4134 reo.
679 4078 725 4134 lm.
742 4077 857 4134 Bellen.
878 4097 902 4149 p.
921 4082 988 4136 526:
1014 4077 1151 4146 Σκύρῳ·
1177 4073 1247 4130 τινὲς
1272 4071 1323 4139 μὲν
1347 4071 1401 4124 ἐκεῖ

375 4163 524 4230 ἐκτεθῆναι
549 4162 632 4218 αὑτὸν
656 4159 708 4218 daut
731 4161 850 4221 oleatae.
908 4161 922 4216 ui
947 4158 982 4216 δὲ
1010 4162 1072 4229 τήν
1099 4156 1233 4229 μοκροὶν
1264 4153 1400 4211 'llatae
1502 4187 1503 4228 l

365 4245 574 4318 ’ἆνοξεογνιίντα
594 4248 677 4304 αὐτὸν
702 4245 758 4301 cirri
780 4246 903 4316 Τηλέφου
922 4246 1166 4316 προοορμνοθῆναν
1189 4241 1259 4296 daut·
1301 4239 1399 4308 Πηλοί-
1502 4273 1503 4314 η

308 4335 310 4340 '
375 4329 426 4400 δην
450 4332 601 4402 δ”Αχιλῆα
634 4333 698 4404 φίρο
726 4329 863 4402 Σκῦρόνδο
891 4328 1029 4387 θῦολίον“.
1077 4331 1189 4386 Prolata
1219 4325 1315 4380 deinde
1344 4330 1400 4376 lota
1502 4325 1503 4370 ἶ

376 4419 483 4484 tabula,
514 4424 542 4471 ut
567 4424 627 4488 post
656 4417 796 4473 llornernm
823 4417 997 4472 exaedificato
1018 4417 1083 4484 init,
1117 4416 1183 4470 hacc
1209 4411 1356 4466 adduntur:
1384 4405 1402 4475 ἠ

375 4501 520 4576 ίοτορίο
540 4500 634 4573 παραὶ
652 4508 728 4562 τοῖς
744 4502 941 4560 avalonis.
