3046 5224
283 543 421 608 laudidus
442 539 610 617 magnilicls
633 540 806 618 elieruntor,
823 539 982 602 Pindarico
1001 556 1097 619 prope
1118 539 1302 600 sublimitate
1327 560 1415 603 com·
1491 586 1492 600 r

282 647 414 726 positum
433 646 499 720 est,
520 647 553 706 nt
577 642 614 706 0.
637 643 662 723 l,
682 643 708 706 l.
731 643 756 724 l,
776 643 824 706 li.
849 639 1059 723 1‚31.1‚35.
1084 641 1151 704 alia.
1204 637 1274 704 Vid.
1296 645 1417 706 coruino

287 742 517 823 acic.1,l,3.
567 819 572 830 Ι

389 847 437 908 iix
460 849 497 908 iis
518 849 618 908 autem
631 845 761 924 Lyricis,
784 863 861 927 quos
877 847 943 926 ipse
965 863 1022 905 oon
1036 845 1219 921 nomimavit,
1240 860 1297 905 nom
1322 845 1419 922 iguo-

287 950 368 1010 ravit
389 952 488 1011 tamen
512 947 740 1026 Alcmenam,
765 947 896 1009 Doricae
909 948 978 1008 sive
993 945 1133 1010 clroricac
1149 947 1252 1027 poesis
1270 947 1418 1009 cultorem
1493 952 1494 1032 l

288 1055 321 1114 ct
344 1051 518 1127 antistitem,
541 1067 597 1111 uec
617 1048 728 1134 oblitus
750 1051 800 1110 est
822 1047 934 1124 Regini
957 1046 997 1109 lo
1009 1050 1083 1126 yci,
1104 1049 1263 1126 „omnium
1277 1049 1419 1126 dagrau-
1493 1075 1494 1078 ¹

288 1155 395 1220 tissimi
416 1152 558 1230 errrore“‚
579 1161 635 1212 nec
657 1150 797 1232 denique,
820 1151 847 1210 si
860 1148 1040 1211 Scholiastis
1060 1148 1136 1210 tides
1157 1147 1305 1231 habenda,
1322 1151 1420 1215 Bac·
1494 1167 1495 1172 ’

289 1253 446 1335 clrylidi
456 1272 492 1331 s,
518 1253 681 1314 Simonidis
707 1251 763 1316 (lei
794 1270 835 1314 ex
866 1269 972 1313 sorore
1001 1250 1071 1330 lilii,
1099 1257 1131 1312 nt
1160 1252 1285 1331 lyricum
1312 1271 1421 1331 gram·

289 1357 461 1420 nauticorum
485 1355 759 1418 Alexandrinorum
782 1371 923 1416 canonem
953 1358 1048 1418 totum
1071 1355 1253 1434 courplexns
1275 1373 1345 1418 esse
1367 1359 1421 1418 vi-

291 1453 465 1534 deatur³³l.
526 1509 528 1514 .

392 1559 431 1620 Hi
460 1559 554 1636 igitur
577 1574 652 1640 quos
676 1555 740 1616 dixi
768 1558 796 1616 iu
833 1553 1021 1619 Garmriuihos
1052 1559 1227 1634 gravissimi
1253 1563 1324 1621 sunt
1352 1560 1422 1621 Ho-

291 1665 369 1728 ratio
393 1661 576 1727 Graecitatis
598 1660 757 1735 auctores,
779 1657 948 1736 Homerus,
969 1659 1151 1740 Euripides,
1174 1661 1294 1740 Lyriclr
1314 1662 1423 1744 qulbus

292 1768 348 1830 iam
369 1752 387 1829 e
404 1766 528 1849 reliquis
549 1761 683 1826 omrmilnus
701 1758 832 1820 nonnulli
854 1759 983 1822 addendi
997 1762 1139 1823 videntur
1159 1765 1187 1825 iu
1211 1766 1350 1827 transitu.
1373 1765 1421 1826 Ac

291 1871 405 1951 primus
425 1868 545 1951 quidem
566 1884 607 1927 ex
628 1862 742 1942 Epici
750 1881 767 1922 s
797 1861 908 1941 diguus
936 1867 985 1928 est
1008 1865 1058 1947 qui
1081 1867 1248 1928 nominetur
1270 1867 1423 1928 Hesio-

292 1968 429 2054 dus³⁴),
464 1973 548 2034 cuius
577 1963 825 2046 „Ascraeum
854 1968 1037 2032 carmen“
1065 1987 1123 2032 nou
1153 1971 1247 2033 ruimus
1270 1970 1423 2048 suspexit,

292 2093 377 2154 quam
401 2072 550 2146 Virgilius
571 2068 623 2148 (G.
648 2059 688 2145 ll,
713 2063 801 2146 lie).

391 2174 440 2234 lix
456 2168 679 2248 Elegiacls,
703 2167 854 2248 aquilons,
870 2173 904 2230 ut
923 2170 989 2248 ipre
1010 2172 1126 2250 quidem
1143 2175 1249 2237 statuit
1268 2174 1352 2233 ΑΛ).
1363 2173 1423 2235 75:

438 2269 586 2334 Versibus
608 2268 762 2347 impariter
783 2270 892 2332 iuuetis
912 2273 1164 2350 querimonia
1187 2277 1321 2354 primum,

216 2451 219 2458 ⁴
438 2373 514 2434 Post
537 2373 626 2434 etiam
649 2368 766 2432 inclusa
786 2376 836 2433 est
854 2372 936 2434 voti
958 2375 1167 2435 sententia
1189 2392 1358 2452 compos,

155 2483 158 2496 ·
292 2473 495 2535 lllimuermuuu
521 2491 683 2556 omnesque
703 2473 887 2556 antiquiores
901 2477 1022 2554 poetas,
1042 2471 1160 2535 lonicos
1178 2475 1255 2555 dico,
1275 2473 1422 2539 Callima-
1501 2529 1502 2534 ,

293 2575 349 2639 clro
371 2579 404 2639 et
425 2577 536 2640 ceteris
556 2576 776 2639 Alexandrinis
799 2577 936 2656 praefert
956 2573 1100 2633 Horatius
1122 2574 1221 2653 Epist.
1246 2577 1339 2659 ll,‘2,
1361 2575 1423 2640 100

293 2698 358 2761 sap,
379 2681 484 2761 inquo
504 2681 572 2762 ipsc
595 2679 653 2740 sihi
675 2679 811 2757 constat,
835 2677 885 2757 qui
907 2676 949 2736 ita
962 2671 1187 2754 iudicetlipist.
1201 2678 1246 2759 ll,
1262 2682 1289 2761 l,
1303 2678 1364 2745 28:
1384 2715 1421 2724 —

294 2781 536 2846 Graecorum
557 2785 648 2846 suut
670 2778 946 2863 antiquissima
968 2793 1147 2859 quaeque
1168 2779 1333 2865 Scripta
1356 2783 1423 2845 vel

295 2888 458 2966 optima.
501 2886 576 2973 Quis
604 2889 702 2950 umen
721 2872 907 2961 θρηνητικήν
928 2876 1007 2938 illam
1030 2880 1160 2960 elegiam
1182 2886 1293 2965 primus
1315 2885 1425 2948 condi-

295 2988 374 3050 derit
404 2996 436 3052 et
465 2981 627 3067 „emiserit
656 2979 809 3057 auctor“,
845 2979 912 3058 ipse
946 2979 1110 3047 decernere
1139 2988 1272 3068 dubitat,
1305 3007 1425 3069 „quum
1478 3005 1480 3008 ·

297 3087 392 3149 adlruc
415 3089 471 3146 snln
492 3089 591 3151 iudice
612 3087 650 3148 lis
673 3081 761 3158 sit“,
792 3079 846 3138 sed
879 3083 1080 3159 perfectorem
1102 3092 1167 3150 eius
1189 3095 1331 3168 agnoscit
1352 3091 1425 3153 Si-

296 3187 479 3247 mouidem
506 3185 619 3266 Oeam,
653 3182 767 3246 varium
803 3181 884 3242 illum
917 3189 949 3245 et
982 3187 1172 3268 multiplicem
1206 3195 1237 3252 et
1269 3195 1425 3272 copiosum

297 3290 429 3368 poetam,
452 3288 536 3348 euius
559 3284 658 3348 Ceos
684 3285 850 3346 naenias
872 3284 976 3348 laudat
999 3285 1034 3348 Ο.
1052 3287 1095 3366 ll,
1120 3289 1149 3369 l,
1175 3289 1226 3354 38.
1251 3293 1426 3356 Amatoriae

299 3391 396 3451 aulem
419 3387 541 3464 elegiae
564 3373 668 3451 auctor
690 3390 722 3450 et
742 3386 900 3468 exemplar
920 3389 948 3449 ei
963 3394 1012 3452 est
1026 3389 1276 3473 Mimnermus,
1300 3414 1341 3455 ex
1365 3413 1425 3475 quo

298 3485 491 3572 principalem
513 3494 545 3552 et
566 3491 717 3573 propriam
736 3489 801 3550 eius
823 3491 948 3568 geneda
964 3494 1144 3556 senteutiam
1159 3497 1187 3555 in
1210 3497 1333 3558 uredium
1350 3515 1426 3578 pro-

277 373 342 420 llllll

337 3734 381 3793 33)
403 3726 441 3781 lle
460 3725 625 3782 Alcmana
648 3726 698 3782 vid.
719 3725 752 3778 ad
772 3725 799 3783 G,
818 3725 845 3792 l,
865 3733 913 3793 19,
938 3737 967 3793 1,
993 3730 1038 3783 uhi
1057 3734 1114 3785 eius
1132 3734 1209 3804 lrgm.
1230 3743 1267 3791 17,
1286 3733 1376 3799 Solum,
1403 3742 1430 3788 ot

407 3812 441 3864 ad
460 3810 487 3868 G.
509 3811 535 3874 1.
553 3819 604 3876 30,
627 3819 657 3874 1,
677 3810 722 3864 ubi
740 3810 822 3868 eiusd.
844 3812 875 3870 lr.
896 3817 935 3870 19.
954 3829 1012 3868 cnm
1033 3814 1237 3874 Heraclianum
1262 3825 1317 3884 est3
1346 3818 1427 3889 lby-

406 3910 478 3948 cnm
496 3901 583 3950 antem
601 3895 758 3964 probabiter
777 3898 895 3951 imitatus
920 3905 962 3952 est
979 3901 1007 3952 iu
1026 3900 1054 3954 G.
1073 3900 1098 3965 l,
1124 3909 1172 3966 25,
1198 3911 1245 3958 11:
1274 3901 1428 3956 Thracio

406 3977 603 4032 bacchante
622 3981 732 4048 magis
750 3986 856 4034 vento
893 3980 996 4042 Quum
1017 3986 1088 4038 tibi
1107 3987 1376 4055 llagrausamor
1396 3993 1429 4039 et

405 4063 521 4117 libido
545 4062 691 4117 Saeviet
706 4067 806 4118 eirca
829 4068 945 4131 iecur,
973 4068 1017 4122 ubi
1038 4076 1128 4124 cetera
1146 4070 1253 4139 ibyciae
1271 4072 1428 4123 imitationis

405 4148 653 4219 vestigiacollecta
669 4153 745 4212 snut3
760 4149 806 4202 *dc
823 4149 1040 4222 Bacelrplide
1058 4154 1153 4207 dictnm
1174 4160 1215 4207 est
1233 4155 1266 4207 ad
1289 4153 1315 4211 G.
1335 4154 1359 4220 l,
1382 4160 1427 4218 15,

404 4236 459 4289 luit.
568 4249 569 4252 ’
929 4241 932 4250 ’

334 4332 382 4398 34)
402 4331 457 4388 l'id.
477 4330 635 4384 Servium
654 4328 688 4382 ad
711 4328 783 4400 Virg,
800 4330 851 4390 lici,
870 4332 918 4396 vl,
938 4337 987 4395 41,
1007 4341 1032 4386 el
1052 4336 1098 4390 clr.
1118 4335 1179 4392 llor.
1199 4335 1225 4391 C.
1246 4335 1265 4398 Ι,
1284 4341 1309 4394 3,
1320 4341 1354 4392 29
1371 4351 1427 4404 sqq.

402 4430 458 4466 cnm
479 4413 537 4471 llos.
558 4414 623 4483 tlpp,
646 4421 694 4470 100
711 4430 777 4484 ειμι,
799 4416 824 4471 o.
846 4415 871 4478 l,
891 4419 933 4480 34,
955 4424 1043 4486 11εᾳ.
1066 4435 1121 4472 trum
1142 4418 1207 4490 Opp.
1226 4425 1243 4476 5
1261 4435 1298 4489 sq.
