3072 5180
398 544 455 611 teo
474 537 683 626 enarratis
704 533 963 618 εὖραρέτραν
1012 571 1022 582 .

397 642 623 712 Ἀπ’ὄλλωνα
652 635 916 721 προστάτην.

290 779 293 789 ·
399 743 480 829 ὁμοῦ
501 746 535 810 ei
554 743 671 809 πννᾶνο
693 729 818 805 παιᾶν’·
926 819 928 824 Ι
977 766 983 788 ·-

397 841 519 928 ἀνοίγετ’
527 834 580 924 ,ὦ
602 843 773 925 παρθένον,

286 981 291 987 ’
398 947 520 1028 βοᾶτε
540 937 868 1027 νᾶνὸμὸοπο,ρον
920 1017 928 1034 ,Ι

389 1045 576 1132 ’Meropus
596 1043 827 1128 Ὀρννγίαν,
849 1033 1053 1120 ttaoaffdtov,
1075 1029 1266 1120 ἀμφίπυρον,

398 1146 542 1234 retroacta
561 1171 596 1213 te
617 1144 765 1230 Νύμφας·

286 1283 365 1345 lloc
395 1283 452 1343 est·
476 1277 669 1360 „Celebrate
695 1277 823 1352 aedibus
851 1274 1018 1336 domestica
1040 1273 1261 1364 exclamatione
1284 1275 1414 1357 quisquis

296 1381 406 1446 nubilis
428 1377 511 1456 estl)
540 1381 576 1464 (l.
600 1397 627 1442 e.
648 1375 814 1446 tenerae
836 1375 1053 1468 virgines),
1083 1393 1200 1457 unaque
1221 1377 1343 1437 marium
1369 1380 1413 1438 iu-

295 1483 426 1568 tercinat
445 1479 640 1561 acclamatio,
665 1479 893 1557 eelelrrate,
921 1478 1054 1558 inquam,
1085 1495 1225 1556 mares,
1247 1477 1412 1559 Apolli-

285 1597 374 1648 nem
394 1575 588 1661 insignem
613 1579 826 1663 p'lraretre,
848 1578 1073 1655 tutelarem,
1095 1577 1241 1660 simulque
1261 1597 1412 1660 pacarem,

295 1685 503 1765 virgines,
527 1683 675 1763 dieite,
702 1678 793 1744 dieite
815 1682 878 1752 altu
897 1695 976 1760 yooe
994 1677 1160 1756 Dianae,
1182 1679 1313 1741 eodem
1334 1699 1409 1758 gc-

290 1787 405 1850 ‘nitue
426 1788 541 1866 partu
565 1784 776 1864 Ortygiae,
799 1800 910 1846 cavos
927 1777 1104 1858 merianus,
1128 1781 1281 1846 taedarum
1303 1781 1406 1845 lumina

294 1893 422 1970 utraque
449 1885 600 1951 vibrantis
627 1891 730 1965 mann,
760 1887 939 1966 vicinasque
966 1878 1164 1960 Nymplras.“
1194 1884 1299 1968 'Quae
1325 1899 1410 1965 qaum

291 2009 351 2054 non
372 2007 432 2050 uuo
459 1990 549 2051 modo
577 1989 641 2052 o'um
666 1987 842 2051 Horatianis
871 1985 1036 2070 convenire
1065 1988 1232 2064 appareat,
1262 1981 1412 2050 dornmode

291 2090 417 2154 adeius
442 2088 677 2167 explicationem
704 2088 843 2150 converti
878 2088 1025 2166 possunt,
1055 2102 1111 2147 neo
1139 2090 1254 2148 temere
1280 2089 1414 2152 fortasse

290 2185 456 2255 credideris
475 2187 535 2266 ipsi
554 2187 721 2250 obversata
743 2175 824 2248 esse.
866 2185 974 2266 ltaque
996 2184 1142 2264 Horatiae
1162 2191 1286 2267 practer
1309 2193 1414 2254 cetera

288 2293 356 2356 loca
377 2287 515 2352 natorum
542 2306 631 2352 saera
657 2286 827 2351 natalem
856 2285 1016 2365 praedicat
1044 2287 1173 2350 Delon
1194 2277 1415 2369 ¹Apollinis,

288 2393 324 2454 ut
344 2390 396 2453 ille
419 2385 661 2473 cunit’ldprepm
679 2384 917 2474 Ὀρτυγίαν,
946 2387 967 2476 l.
989 2403 1017 2448 e.
1044 2389 1169 2452 Deliam.
1214 2391 1312 2454 Delos
1334 2399 1414 2458 enim

286 2489 449 2554 Athenaeo
469 2486 531 2568 lX,
552 2509 584 2570 p.
607 2486 682 2552 392.
704 2491 738 2551 et
768 2489 836 2552 aliis
866 2488 1040 2551 auctoribus
1064 2497 1107 2569 (v.
1130 2491 1247 2573 Spanlr.
1268 2495 1306 2558 ad
1332 2490 1416 2561 Call.

286 2588 531 2678 mapalium]
555 2591 658 2674 priseo
681 2591 797 2653 nomine
820 2589 1004 2671 Ortygia,
1024 2594 1103 2673 quod
1126 2595 1204 2656 idem
1227 2596 1323 2659 luisse
1345 2618 1416 2678 ge-

284 2696 441 2759 mellorum
469 2692 579 2758 nutrici
600 2683 713 2756 Strabo
735 2690 821 2755 xiv.
844 2709 873 2774 p.
899 2689 975 2757 948.
1005 2695 1149 2775 prodidit.
1200 2689 1308 2780 Neque
1329 2721 1416 2766 vero

284 2799 383 2862 Delos
410 2795 508 2883 solnm
530 2788 726 2866 ’Λπόλλωνος
750 2789 979 2879 κουροτρόφος,
1012 2791 1123 2879 ¹quam¹
1139 2787 1416 2872 Callimachn's'fl.

283 2898 355 2962 liel.
378 2896 409 2960 ἓ.
432 2897 543 2976 vocat,
568 2890 734 2957 sedetiam
757 2896 875 2966 Dianae
902 2897 961 2978 (cl.
985 2899 1025 2960 nd
1053 2919 1102 2962 vs.
1120 2898 1212 2981 ·13.):
1242 2919 1320 2982 quos
1350 2925 1417 2968 uno

280 3004 371 3082 partu
396 3000 426 3060 in
442 2995 570 3078 Cyntho
596 2999 696 3061 mente
725 2998 825 3060 editos
851 3001 961 3060 ierunt.
1013 3001 1077 3062 llos
1106 3003 1205 3080 vulgo
1230 3005 1348 3068 credita
1376 3013 1417 3070 et

280 3095 474 3161 notissima-7
500 3098 595 3188 lirant
620 3114 713 3178 sane,
742 3101 777 3159 ut
805 3102 911 3160 auctor
938 3099 1049 3178 Hymni
1073 3100 1224 3162 llonrerici
1245 3105 1274 3162 iu
1301 3105 1416 3185 Apoll.

280 3197 351 3260 Del.
375 3194 427 3256 15.
448 3201 514 3276 sip,
537 3197 566 3256 si
586 3213 682 3258 verus
704 3201 731 3257 ir
752 3197 855 3274 leons,
884 3199 934 3276 qui
955 3217 1042 3258 unum
1067 3197 1239 3276 Apollinem
1261 3202 1417 3284 luneio,

278 3298 404 3359 Dianam
426 3312 502 3356 vero
530 3295 561 3355 ln
583 3294 718 3372 Ortygia
744 3299 846 3378 natum
872 3313 942 3355 esse
964 3297 1119 3375 dicerent,
1149 3299 1219 3358 sire
1232 3295 1300 3362 iiim
1321 3301 1413 3367 Delo

172 3443 174 3448 .
278 3393 439 3459 adiacelat
469 3392 567 3455 insula
592 3391 713 3475 (seran.
741 3393 782 3456 X.
818 3413 847 3474 p.
868 3391 960 3478 480.)
998 3395 1066 3457 sive
1095 3396 1181 3459 luens
1209 3403 1275 3462 erat
1304 3421 1413 3485 prope

275 3494 446 3579 ilplresum,
472 3493 578 3556 eodem
602 3495 718 3556 nomine
741 3492 915 3575 appellatus
938 3494 998 3580 (id.·
1022 3495 1105 3559 xiv.
1141 3517 1174 3578 p.
1206 3496 1314 3582 ecca,
1343 3521 1412 3570 uec

276 3598 402 3661 deerant
429 3596 478 3679 qui
507 3594 593 3658 amno
622 3595 664 3683 ln
686 3597 787 3677 „luco
814 3594 978 3675 Ortygia“
1011 3589 1136 3674 genitos
1165 3599 1287 3662 mallent
1312 3603 1410 3684 (Το-

274 3700 325 3761 eit.
342 3697 452 3760 Annal.
466 3695 519 3776 lll,
540 3694 628 3777 Ol.):
647 3698 703 3760 sed
724 3699 796 3762 vide
819 3715 897 3779 quae
915 3699 1136 3762 Disaenius
1159 3701 1196 3762 ad
1211 3701 1297 3764 Pind.
1309 3704 1407 3768 Nem.

272 3798 297 3878 l,
327 3798 357 3862 i.
378 3799 408 3860 in
428 3795 572 3860 Boeoklril
594 3797 726 3864 editione
744 3821 774 3882 p.
794 3797 860 3866 350
879 3816 926 3880 sq.
952 3800 1112 3880 explicuit,
1136 3804 1226 3886 utque
1241 3804 1406 3870 -Ho‘ratlus
1502 3835 1503 3890 ο

321 4136 347 4198 1)
361 4131 405 4185 lia
420 4130 595 4200 dermannus,
611 4132 659 4187 alii
678 4133 795 4190 tortasse
816 4140 914 4193 rectius
935 4132 1128 4202 ἄνολολὸξεται
1143 4135 1226 4209 δόμον
1243 4170 1278 4180 -
1294 4137 1311 4196 ὅ
1327 4143 1404 4212 prt—
1502 4157 1503 4160 ’

370 4211 515 4284 λὸνομφοο,
533 4219 551 4272 i.
565 4231 588 4271 e.
608 4223 692 4284 „tota
708 4218 801 4272 domus
817 4220 932 4274 ululabit
949 4227 977 4275 et
994 4221 1101 4291 quidem
1118 4224 1226 4292 puellae
1245 4239 1314 4295 quac
1332 4235 1403 4281 eunt

370 4298 398 4348 in
416 4297 495 4352 domo
513 4301 600 4356 laetos
617 4301 680 4358 ilios
699 4304 830 4358 clamores
849 4305 978 4360 tollent.“
1015 4304 1080 4360 Item
1099 4309 1127 4358 iu
1148 4323 1177 4362 re
1196 4308 1278 4362 simili
1294 4305 1401 4378 nam.

369 4377 406 4437 El.
425 4387 492 4440 691:
510 4381 666 4450 ὀλολύξεται
682 4385 739 4440 πᾶν
757 4385 865 4456 δῶμα,-
