3046 5224
229 391 289 438 viii

333 557 476 640 Catu-ll.
504 556 577 622 uu:

435 659 492 722 llle
514 661 552 720 mi
577 676 633 740 par
653 647 727 721 ¹esse
749 661 807 722 deo
831 661 964 740 videtur,

435 763 505 842 ille,
530 764 557 824 si
578 763 626 823 ias
648 764 713 840 est,
737 778 882 839 superare
906 765 994 841 dees,

439 867 489 948 qui
510 867 620 928 sedeus
643 862 791 924 adversus
812 861 973 926 identidem
996 867 1028 926 te

539 966 659 1045 spectat
681 965 713 1025 et
734 962 818 1024 audit

440 1068 526 1130 dulce
547 1067 705 1144 ridentem,
726 1066 835 1126 misero
859 1064 939 1144 quud
962 1068 1057 1126 omnis

437 1169 528 1247 eripit
549 1185 658 1228 sensus
679 1165 765 1240 milui3
786 1184 853 1228 nam
873 1168 958 1228 simul
982 1172 1024 1246 te,

437 1268 550 1331 Lesbia
571 1265 719 1349 adspexi,
741 1266 813 1328 nihil
834 1271 998 1349 estsuper
1020 1269 1058 1328 mi

437 1470 559 1546 Lingua
581 1469 637 1530 sed
658 1472 773 1552 torpet,
798 1473 896 1535 tenuis
920 1471 976 1532 sub
999 1473 1082 1534 artus

438 1574 553 1632 tlamma
574 1571 723 1653 demanat,
743 1576 843 1638 sonitu
865 1575 975 1651 suopte

437 1675 577 1737 tintinant
597 1692 698 1754 aures,
721 1677 843 1752 gemina
866 1676 1010 1751 teguntur
1130 1719 1132 1724 .

541 1774 650 1836 lumina
673 1780 772 1838 nocte.

331 1877 491 1941 bueret.
511 1874 566 1957 lll,
591 1875 668 1957 155,
690 1875 807 1958 Sapph.
833 1895 882 1938 vs.
905 1876 937 1940 9.
961 1894 1030 1958 sqq.
1050 1876 1092 1938 ita
1114 1875 1262 1937 imitatur:

400 1979 597 2060 Sudoresque
619 1980 661 2038 ita
682 1979 889 2060 palloremque
908 1979 1045 2041 existere
1068 1981 1132 2041 tutu

401 2099 541 2161 corpore,
563 2083 595 2142 et
616 2081 739 2156 infringi
759 2080 895 2157 linguam
917 2098 1085 2160 vocemque
1100 2079 1223 2158 aboriri,

400 2182 538 2259 caligare
560 2181 683 2258 oculos,
713 2197 823 2240 sonere
843 2183 943 2260 auris,
968 2183 1125 2245 succidere
1149 2184 1245 2241 artus.

334 2284 412 2346 Hine
434 2281 685 2362 igiturHoratius
705 2281 859 2343 transtulit
881 2299 939 2343 non
959 2283 1055 2344 solum
1078 2283 1194 2346 dulce
1215 2282 1353 2344 riden-

231 2390 305 2450 tem
323 2383 642 2464 balagen,dulce
659 2383 894 2466 loquentem,
916 2382 1074 2443 sedetiam
1087 2382 1355 2467 c.1,13,5.sqq.:

401 2487 492 2548 Tum
514 2503 582 2548 nee
604 2500 707 2546 meus
730 2483 820 2544 milri
841 2501 910 2545 nee
933 2483 1045 2544 eulor

403 2588 523 2654 Certa
543 2586 635 2649 sede
661 2590 803 2665 manet,
828 2585 960 2646 humor
982 2588 1022 2649 et
1044 2585 1078 2646 iu
1097 2603 1225 2662 gena·

402 2691 547 2755 Furtim
569 2690 721 2751 labitur
744 2705 917 2766 arguens

401 2791 517 2877 Quam
540 2791 663 2853 lentis
684 2791 843 2872 penitus
863 2807 1041 2852 macerer
1064 2789 1243 2865 ignibus:

230 2898 260 2960 in
282 2895 389 2980 quibus
413 2897 469 2956 vix
491 2893 653 2962 verborum
675 2892 892 2954 similitudinem
914 2890 1135 2972 deprehendas.

330 2999 463 3062 Similem
485 2997 737 3076 comparationem
758 2995 908 3074 praeirent
923 2993 1132 3055 Palinurus
1154 2986 1352 3066 Virgilia-

229 3117 301 3161 nus
330 3100 363 3158 et
389 3096 593 3174 Archytas
620 3097 758 3172 Horatii,
793 3097 916 3174 eodem,
948 3097 1029 3177 quod
1053 3097 1207 3175 utriusque
1239 3088 1353 3167 ingenii

228 3198 381 3280 proprium
411 3198 477 3272 est,
502 3194 686 3272 discrimine,
717 3193 779 3253 vid.
803 3194 842 3252 ad
866 3194 1020 3272 c.1,28.
1064 3198 1104 3256 Et
1124 3189 1272 3273 permulta
1294 3190 1354 3252 alia

230 3304 262 3362 et
284 3299 450 3362 certissima
463 3295 571 3374 plenae
589 3299 678 3377 atque
701 3295 842 3370 integrae
864 3295 1036 3358 imitationis
1053 3295 1189 3359 Graecae
1212 3291 1354 3373 exempla

230 3402 311 3483 apud
341 3403 463 3462 eeteros
496 3415 569 3458 sane
598 3415 675 3478 quos
702 3395 766 3454 dixi
792 3398 901 3474 poetas
930 3396 1055 3459 Latinos
1081 3397 1240 3474 leguntur:
1271 3393 1352 3475 apud

228 3504 386 3567 Horatium
409 3518 484 3562 vero
506 3516 582 3560 nuno
605 3498 677 3560 talia
699 3515 759 3558 non
782 3500 920 3577 exstant,
945 3501 976 3560 et
998 3503 1110 3561 netum
1128 3500 1258 3581 quidem,
1278 3517 1351 3561 ere·

230 3605 286 3686 do,
320 3606 494 3681 exstarent,
524 3603 550 3661 si
581 3603 675 3663 omnia
704 3599 794 3661 hodie
823 3618 943 3682 quoque
973 3601 1155 3663 Graecorum
1188 3603 1351 3682 lyricorum

228 3709 414 3788 exemplaria
437 3707 599 3770 restarent.
649 3703 713 3787 Qua
742 3704 770 3764 iu
793 3721 826 3764 re
850 3705 1025 3782 superiores
1046 3703 1251 3785 interpretem
1281 3702 1350 3767 la-

228 3805 356 3892 nius⁸l
378 3809 510 3889 inprimis
534 3804 940 3886 etlllitseherlielrius,
964 3824 1058 3887 saepe
1082 3807 1119 3867 ab
1136 3808 1349 3869 veroaherra·

229 3961 434 3980 ——ucss-——n

274 4025 306 4092 8)
326 4022 389 4089 „De
405 4027 481 4092 poesi
502 4025 586 4094 lyrica
605 4022 750 4089 Horatii“‚
774 4022 876 4090 tomi,
897 4040 922 4092 p.
940 4029 1005 4083 108:
1031 4022 1087 4089 „ln
1107 4025 1227 4093 plurimis
1245 4021 1350 4076 lloratii

328 4108 455 4178 operibus
481 4115 609 4178 apparet,
638 4124 696 4162 eum
719 4105 848 4164 Graecum
873 4115 980 4178 poetam
1007 4108 1134 4163 habuisse
1161 4113 1222 4160 ante
1246 4106 1348 4171 oculus,

328 4196 439 4246 maxime
463 4197 489 4247 iu
516 4193 695 4261 descriptione
712 4199 739 4245 et
758 4195 928 4258 inventione,
953 4209 1029 4262 quem
1049 4191 1177 4246 imitando
1200 4205 1348 4260 conseque-

327 4283 414 4340 retur,
434 4279 490 4332 uel
509 4277 716 4330 traduceret
737 4277 840 4342 adeo;
861 4279 1012 4346 fragmenta
1026 4277 1169 4347 lyricorum
1185 4274 1347 4330 Graecorum

324 4359 450 4414 habemus
472 4364 528 4416 lere
549 4362 607 4427 CC,
630 4376 742 4432 quorum
761 4363 872 4430 amplius
893 4363 912 4416 u
931 4366 959 4415 in
978 4361 1090 4416 Horatio
1109 4364 1280 4429 reperiuntur
1300 4375 1347 4413 ex-

323 4459 425 4512 pressa.
463 4445 491 4498 Si
511 4462 602 4500 omnes
621 4446 698 4515 lyrici
710 4442 805 4500 Graeci
825 4446 912 4501 adhue
930 4453 1079 4514 exstarent,
1100 4447 1170 4499 torte
1189 4461 1244 4500 nun
1264 4443 1347 4498 multa

1507 4477 1518 4546 r
