3072 5180
250 290 359 392 ,ὅς’

407 500 613 576 mid-16.
658 511 775 573 Feruor
797 509 999 576 Prometheus
1022 510 1097 598 eet}
1129 512 1432 601 occursoriam,

307 617 356 699 qui
375 613 459 678 solus
482 611 613 676 labriam
634 605 817 692 Promethei,
840 615 1085 694 quemadmodum
1107 614 1137 677 ln.
1157 616 1178 677 l.
1204 622 1370 698 exponitur
1392 627 1430 684 atr

306 717 445 796 Horatio,
463 715 571 778 eodem
594 713 682 775 modo
704 709 733 772 ln
753 713 910 778 Palinodla
925 716 1154 780 Stesichori
1176 718 1316 782 traditam
1333 724 1431 788 icisse

305 819 475 884 resolvisse
501 817 560 880 sibl
587 817 676 878 visus
700 818 767 876 eret
789 835 830 877 ex
853 817 1008 897 Fulgentii
1031 817 1164 899 ltlytlrol.
1186 819 1246 902 lll,
1269 823 1318 903 7.,
1345 830 1431 890 recte

306 918 672 984 mercenariorum).
701 918 731 978 id
760 919 801 980 ini
829 920 942 984 frustra
973 922 1078 1002 quaeri
1106 939 1163 983 nec
1193 941 1320 1005 usquam
1340 925 1430 990 lodie

308 1027 374 1087 eius
393 1024 438 1086 rel
463 1022 629 1100 vestigium
653 1019 743 1082 ullum
765 1022 844 1102 opud
868 1041 1046 1108 quemquam
1068 1023 1155 1084 allum
1178 1025 1357 1104 scriptorem
1380 1031 1431 1091 in-

308 1127 418 1190 veniri.
463 1122 556 1188 Certe
578 1141 635 1186 neo
650 1109 787 1183 Platonis
806 1121 856 1184 ille
876 1123 963 1186 locos
986 1125 1036 1207 qul
1048 1124 1145 1203 vulgo
1162 1129 1428 1213 usurpaturffro-

309 1233 375 1308 lag.
396 1245 428 1308 p.
444 1222 517 1287 320.
532 1221 569 1287 0.
580 1228 661 1306 qq.)
684 1221 790 1283 similis
810 1228 869 1305 eet,
891 1242 948 1289 nee
970 1227 997 1288 si
1021 1246 1108 1310 quem
1131 1228 1219 1288 alium
1241 1233 1432 1310 protulerunt

164 1383 168 1390 .
254 1367 258 1373 -
306 1329 495 1409 Interpretes
519 1323 600 1407 (vid.
620 1323 789 1388 lilitsolrerl.
815 1330 848 1390 et
869 1326 993 1412 tiroli).
1041 1330 1118 1392 Nam
1147 1331 1226 1393 allud
1246 1337 1296 1396 est
1316 1333 1428 1416 dicere,

307 1429 386 1494 huno
415 1429 469 1494 rel
498 1428 578 1490 illum
606 1421 753 1488 hominem
785 1443 856 1490 csse
888 1431 1071 1513 vulpeculae
1101 1435 1153 1494 aut
1179 1431 1261 1493 leuni
1288 1435 1429 1498 rimtlemz

302 1533 400 1613 aliud,
423 1549 511 1595 uuum
535 1529 720 1611 eundemque
740 1528 885 1593 homoinem
907 1534 1104 1613 compositum
1128 1551 1200 1596 esso
1213 1550 1255 1594 ex
1277 1535 1428 1618 vulpecu-

307 1635 376 1715 lae,
400 1634 498 1696 leonis
521 1631 704 1714 aliarumque
725 1632 890 1694 bestiarum
918 1635 1093 1716 particulis,
1125 1636 1212 1718 quast
1235 1637 1346 1698 animus
1367 1637 1426 1700 lin·

219 1797 223 1802 ,
307 1753 411 1801 manns
431 1755 473 1798 ex
492 1734 602 1798 bestiis
625 1734 773 1796 conflatus
792 1733 845 1794 sit.
890 1734 977 1815 Quod
998 1754 1084 1818 quum
1107 1753 1163 1816 per
1187 1737 1351 1800 semoltunr
1367 1758 1422 1801 oa·

307 1837 347 1902 lis
368 1857 404 1902 ac
424 1838 541 1919 leporis
553 1835 681 1916 habeat,
696 1839 757 1898 tum
780 1851 820 1898 eo
840 1835 983 1900 festivius
1006 1839 1065 1917 est,
1090 1839 1116 1899 si
1138 1839 1327 1920 dotatricis,
1341 1841 1424 1904 Ben-

309 1941 383 2004 tleio
408 1941 525 2020 iudice,
558 1938 681 2002 anullo
701 1939 819 2000 omuino
848 1937 908 2000 alio
942 1939 1124 2018 excogitato
1151 1943 1200 2002 est
1221 1943 1277 2003 nisi
1297 1943 1334 2003 alo
1358 1945 1426 2024 ipso

180 2073 188 2085 ·
309 2041 450 2121 Horatio,
470 2058 527 2104 neo
547 2040 578 2102 id
596 2041 809 2120 ignorantibus
833 2041 931 2103 doctis
952 2041 1129 2103 lectoribus.

410 2176 449 2188 -
466 2146 606 2224 principa·
619 2141 726 2222 Limo]
747 2143 940 2223 Princeps
963 2143 1025 2202 lim
1037 2160 1078 2202 us
1094 2141 1210 2204 Horatii
1224 2143 1430 2210 videturesse

309 2237 444 2328 deiopeia
465 2237 562 2319 πηλός
578 2242 775 2306 Graecorum.
801 2241 849 2304 lta
868 2225 1023 2305 Husclrluio
1047 2247 1130 2307 certe
1153 2246 1251 2306 visum
1274 2248 1340 2327 est,
1365 2250 1429 2310 vid.
1511 2233 1512 2258 ¹

307 2342 447 2408 Diodori.
469 2344 507 2406 ad
529 2342 625 2424 Soph.
650 2345 775 2422 Fragm.
803 2343 983 2406 ePandora
1004 2342 1077 2408 432.
1108 2382 1147 2392 -
1183 2343 1326 2410 Ceterum
1353 2369 1430 2434 quae

307 2449 393 2510 vario
422 2445 544 2527 prodita
572 2447 644 2506 sunt
671 2463 689 2506 a
721 2445 878 2507 veteribus
908 2444 944 2506 de
973 2446 1140 2510 hominihus
1162 2447 1431 2532 πρωτοπλάστοις,

309 2567 347 2612 aa
370 2546 498 2625 collegit
521 2545 649 2610 Lobeclr
670 2549 700 2610 in
723 2548 799 2626 Agl.
822 2569 851 2628 p.
874 2546 940 2610 760
960 2567 1029 2630 sqq.
1057 2553 1089 2612 et
1115 2547 1207 2614 1082.

366 2709 368 2714 .
410 2669 443 2711 v.
467 2645 517 2713 18.
539 2649 613 2713 ultis
633 2647 776 2733 orditus]
805 2649 959 2711 lntellexlt
990 2653 1123 2714 tortasse
1150 2652 1197 2714 llii
1226 2655 1429 2720 tristissimum

308 2771 447 2818 oceasum
468 2751 630 2818 secundum
652 2751 756 2815 llum
780 2753 815 2814 ll.
837 2751 929 2832 Xlll,
951 2751 1031 2816 772:

389 2887 433 2900 -
457 2889 495 2902 ···
517 2855 572 2920 νῖν
593 2852 713 2922 ὤλετο
735 2858 821 2920 πᾶσα
842 2854 926 2919 κατ’
949 2853 1069 2936 ἶὶκρης
1094 2853 1309 2940 (funditus)

383 2955 484 3034 Ἴλιος
502 2956 674 3036 αἰπεινή.
697 2959 746 3022 cll.
766 2960 802 3021 ll.
825 2957 896 3037 XV,
920 2956 1095 3022 ῚΙεἼλνον
1115 2955 1242 3021 αἰπύν.

409 3077 441 3123 v.
461 3061 518 3124 22.
565 3061 731 3144 Compesce
754 3058 903 3142 mentam]
947 3061 1031 3121 Haec
1060 3061 1163 3138 utique
1192 3062 1229 3122 ala
1259 3061 1429 3124 llumerc

306 3159 403 3222 mallm
424 3179 548 3243 quomo
573 3161 682 3222 Theo
690 3161 813 3237 gnide
835 3177 906 3220 esse
934 3163 1050 3236 sumto,
1083 3179 1207 3238 quorum
1228 3161 1280 3220 ille
1302 3162 1431 3226 Peleum

307 3263 423 3339 petrem
447 3257 552 3322 iisdem
574 3257 678 3322 verinis
700 3260 737 3322 ad
762 3257 909 3320 Achillem
930 3257 1145 3320 cohortandam
1166 3275 1251 3318 usum
1273 3261 1363 3338 lacit,
1389 3265 1429 3324 ll.

306 3359 363 3438 ΙΧ,
382 3358 448 3422 255
467 3378 532 3442 sq:

516 3490 560 3503 ·-
605 3489 646 3504 -
691 3493 728 3506 -
778 3493 813 3504 -
858 3453 898 3522 σιλ
919 3461 952 3521 δὲ
973 3454 1167 3540 μεγαλήτορα
1188 3455 1322 3540 θυμόν

477 3561 609 3642 ἴσχειν
631 3559 664 3624 ἐν
683 3556 852 3636 στήθεσσι·
871 3555 1079 3642 φιλοφροσύνη
1100 3555 1162 3642 γὰρ
1186 3557 1327 3642 ἀμείνων,

302 3655 351 3725 hic
365 3665 472 3743 ,autem
492 3663 574 3725 illum
597 3661 754 3726 dumtaxat
774 3661 956 3724 subsecutus
976 3683 1009 3723 v.
1032 3661 1097 3725 365
1117 3681 1186 3746 sq:

395 3759 505 3847 ’Ίσχε
526 3761 634 3846 νόον,
652 3761 775 3851 γλώσσῃ
798 3767 831 3828 δὲ
853 3758 888 3827 sd
909 3769 1048 3847 μείλιχον
1069 3767 1135 3830 αἷὲν
1157 3765 1296 3830 ἐπέστω·

336 3851 339 3858 “
507 3863 611 3930 δειλῶν
632 3889 680 3929 τοι
699 3869 820 3930 τελέθει
842 3871 950 3950 καρδίη
968 3863 1106 3950 ὄξννὲρη.

299 3959 425 4030 Etenim
440 3979 500 4028 non
520 3967 615 4028 solnm
630 3985 707 4048 quae
722 3985 910 4050 praegressa
925 3971 1064 4034 sunt-sed
1080 3972 1169 4034 etiam
1187 3987 1264 4052 quae
1276 3985 1423 4050 sequun-

300 4069 369 4132 tur:
394 4067 428 4130 Μ
436 4086 453 4130 e
477 4086 633 4152 quoque
658 4072 718 4131 cet.
739 4071 899 4133 Homerica
917 4074 1005 4135 sunta
1046 4068 1090 4146 ὥς
1112 4077 1163 4136 aci
1184 4065 1266 4154 iperio
1286 4076 1363 4150 κτλ,
1385 4069 1422 4132 ll.

300 4167 476 4250 xix,134.
494 4172 576 4235 alibi.
620 4171 786 4234 Praeterea
809 4189 874 4233 cum
898 4173 993 4233 totius
1015 4174 1151 4236 carminis
1172 4175 1268 4236 ironia
1292 4176 1325 4236 et
1345 4191 1422 4236 corr-

298 4271 366 4332 silio
388 4273 509 4337 mirifice
533 4277 699 4353 congruat,
724 4275 749 4334 si
772 4274 917 4337 llurutius
937 4274 1132 4354 principalem
1156 4275 1221 4337 eins
1240 4276 1418 4338 senteutiam

296 4371 334 4432 ab
355 4369 487 4460 Homero
503 4377 686 4456 repetierit,
717 4377 801 4438 cuius
829 4374 1012 4437 auctoritate
1043 4379 1228 4454 gravissima
1258 4394 1293 4440 se
1325 4377 1421 4459 ipsum
