3064 5206
683 529 686 534 ’
726 546 954 626 Excursus·

682 675 721 730 hd
741 673 768 732 c.
787 671 815 738 i,
840 675 883 728 36.
907 685 944 728 νε.
964 678 1001 728 10.

281 841 283 846 ’
383 847 495 912 Locum
519 843 670 908 difficilem
702 849 734 906 et
760 843 828 906 olim
854 829 1108 906 ¹n’erratissimuma
1140 842 1255 905 Cressa
1286 866 1328 908 ae
1357 867 1411 910 ca-

279 957 350 1010 reat
366 952 501 1032 pulchra
521 950 588 1011 alies
610 957 696 1027 acta,
722 962 850 1024 magnus
873 943 1030 1007 Bentleius
1054 963 1072 1006 a
1094 945 1283 1023 superiorum
1310 946 1408 1013 Criti-

281 1069 382 1115 corum
407 1056 440 1116 et
453 1052 651 1132 interpretum
674 1049 788 1110 iniuriis
810 1047 982 1110 vindicavit
1004 1048 1036 1109 et
1057 1049 1301 1110 controversiam
1326 1050 1406 1112 iilam

281 1155 321 1217 de
344 1155 449 1237 scripti
470 1155 602 1217 veritate
623 1156 655 1216 et
672 1153 711 1214 de
731 1152 811 1213 lusia
833 1151 898 1211 eius
919 1149 1172 1230 interpretatione
1195 1167 1296 1230 paene
1311 1154 1406 1215 iotam

281 1258 413 1320 coniecit
434 1275 470 1320 aa
492 1255 680 1335 composuit,
709 1251 869 1335 pannulus
889 1251 1036 1314 similibus
1059 1252 1201 1332 collatis,
1235 1269 1314 1333 quae
1337 1252 1406 1335 pius

280 1358 419 1419 minusve
443 1356 502 1419 huc
527 1357 660 1420 iaciunt:
689 1358 728 1419 de
761 1349 881 1433 origirie
905 1353 1045 1437 dictionis
1068 1355 1240 1419 accuratius
1258 1372 1405 1436 quaerere

174 1448 181 1454 ’
279 1459 455 1539 supersedit
476 1477 512 1523 ao
533 1461 636 1540 potius
658 1460 798 1523 traditam
821 1458 1003 1520 seutentiam
1028 1460 1153 1521 secutus
1183 1458 1243 1518 est.
1287 1454 1405 1518 Vellem

279 1558 355 1622 hanc
376 1577 501 1643 quoque
521 1567 639 1642 partem
661 1562 902 1642 pertractasset,
930 1559 1070 1642 quoniam
1101 1559 1131 1619 in
1153 1576 1190 1620 ea
1215 1576 1292 1621 nunc
1315 1559 1404 1622 etiam

279 1660 385 1724 eadem
414 1663 499 1743 iere,
528 1682 604 1747 quae
634 1668 724 1727 antea
755 1665 871 1743 iuerat,
909 1660 1012 1742 caligo
1042 1665 1076 1726 et
1103 1659 1248 1723 dubitatio
1275 1661 1403 1722 ohtinet.

280 1762 356 1824 Nam
386 1781 463 1846 quae
494 1767 613 1846 quidem
641 1767 832 1849 posteriores
861 1783 959 1826 rerum
980 1765 1148 1845 scriptores
1170 1765 1202 1824 et
1220 1765 1400 1844 paroemio-

282 1862 395 1946 graphi
420 1865 459 1930 de
481 1868 547 1930 dle
569 1870 733 1933 candido
756 1867 972 1950 prodiderunt,
995 1885 1032 1930 ea
1054 1869 1196 1948 pugnant
1215 1865 1289 1926 inter
1309 1881 1344 1926 se
1366 1867 1400 1927 ei

281 1985 346 2030 eum
376 1971 514 2033 veterum
543 1976 697 2036 auctorum
734 1971 878 2054 loquendi
911 1969 1138 2034 consuetudine.
1196 1969 1275 2030 Sunt
1305 1968 1404 2028 autem

281 2068 349 2131 lero
368 2067 457 2133 haec.

385 2171 507 2236 Tristes
528 2174 595 2236 dies
617 2174 734 2254 nigris,
766 2175 865 2240 laetos
893 2177 972 2239 albis
998 2174 1123 2238 calculis
1142 2177 1249 2236 uoiare
1274 2168 1405 2233 Thra-

282 2273 367 2337 ciae
396 2276 484 2352 genti
503 2277 540 2352 piu
567 2294 651 2339 more
679 2277 775 2338 foisse
798 2277 913 2340 Plinius
943 2279 1050 2340 auctor
1074 2276 1124 2338 esi
1148 2274 1188 2336 N.
1211 2273 1248 2336 li.
1272 2270 1341 2352 Vll,
1361 2269 1407 2334 40

281 2370 377 2457 (tl),
403 2374 481 2440 131:
510 2377 601 2442 Vana
618 2379 793 2439 neutralitas
815 2387 847 2440 et
866 2380 911 2441 ad
928 2375 1238 2441 circumcidendam
1257 2397 1293 2437 se
1305 2378 1408 2458 ίμεοια

280 2480 445 2560 ingeniosa
465 2489 728 2562 computat-more
755 2479 910 2544 Thraciae
936 2481 1056 2561 gentas,
1086 2499 1168 2560 quae
1194 2479 1331 2540 οοίοαίοε
1355 2497 1407 2539 co-

210 2637 220 2649 ,
282 2581 348 2642 lore
368 2581 530 2647 ἀίοίίααίοε
549 2602 610 2665 pro
631 2575 842 2665 coperimento
864 2586 1014 2664 caiusque
1034 2581 1099 2642 diei
1116 2584 1149 2642 in
1168 2601 1283 2643 arnam
1305 2580 1411 2642 euadit

283 2705 322 2745 aa
344 2703 489 2768 adprenso
504 2685 556 2748 die
569 2688 733 2769 separatos
752 2688 932 2748 dinumerat
951 2692 1045 2766 atque
1064 2686 1110 2746 iia
1133 2683 1174 2744 de
1193 2701 1315 2773 quoque
1331 2701 1409 2763 pro-

283 2791 427 2850 nunciat.
474 2788 559 2866 Quid
577 2790 661 2872 puori
682 2793 742 2852 iste
769 2790 927 2852 calculi
955 2786 1136 2849 candore
1160 2783 1233 2847 iilo
1260 2784 1407 2847 lauda-

282 2897 345 2952 tus
367 2891 452 2953 dica
476 2895 629 2975 originem
650 2895 728 2956 mali
747 2888 883 2954 hahuit?
906 2886 1038 2950 Eandem
1059 2886 1303 2952 consuetudinem
1316 2883 1406 2964 Phy-

281 2990 403 3064 larchus
428 2991 509 3076 apud
530 2993 695 3057 heuohium
725 2995 753 3055 in
777 2991 903 3070 hdagio
927 2987 999 3072 (Vl,
1025 2987 1082 3070 13)
1113 2981 1178 3064 Τίς
1197 2987 1229 3054 ίν
1250 2990 1287 3076 τῇ
1308 2987 1406 3071 φαρέ-

282 3115 343 3177 τρα
363 3097 502 3174 oppidana
526 3093 694 3174 Scythis
724 3095 846 3156 trihuitz
877 3111 918 3154 ex
944 3111 1007 3175 quo
1030 3092 1146 3154 Plinius
1179 3110 1236 3154 sua
1263 3089 1406 3153 hausisse

282 3194 422 3268 videtum
443 3195 609 3277 eademque
625 3197 714 3258 etiam
734 3214 777 3257 ex
791 3192 964 3274 Phylarcho
984 3196 1106 3276 proiert
1121 3193 1249 3258 Suidas:
1272 3185 1406 3267 Λευκῆ

283 3293 424 3376 ἡμέρα·
453 3293 471 3374 ἤ
493 3293 613 3377 οίγαθῆ.
641 3292 704 3361 dni
734 3301 787 3372 apg
811 3304 982 3377 παροιμίας
1004 3299 1058 3377 τῆς
1079 3292 1242 3392 λεγούσης,
1270 3296 1340 3358 Τῶν
1362 3293 1406 3367 εἷς

283 3399 441 3483 φαρέτραν
462 3399 500 3480 (i.
525 3415 553 3459 e.
577 3396 768 3462 calculorum
788 3399 818 3458 in
839 3398 1010 3480 pharetram
1032 3397 1217 3479 missorum]-
1239 3392 1406 3481 Φύλαρχος

282 3498 343 3585 γάρ
360 3523 435 3585 φησι
455 3493 528 3576 τούς
542 3496 671 3574 Σκύθας
686 3503 854 3581 μέλλοντας
872 3499 1035 3572 καθεύδειν
1054 3499 1141 3582 ι’ίγειν
1160 3493 1215 3576 τήν
1235 3499 1405 3584 φαρέτραν,

282 3608 336 3669 καὶ
367 3605 395 3670 εί
422 3607 480 3687 μὲν
513 3601 637 3680 οίίύιτιος
663 3600 784 3687 τύχοιεν
820 3600 875 3682 τήν
906 3600 1022 3690 ἡμέραν
1052 3601 1167 3680 ἐκείνην
1195 3596 1407 3685 διαγαγόντες,

282 3708 429 3771 καθιέναι
458 3708 502 3782 είς
533 3700 588 3785 τήν
606 3705 775 3792 φαρέτραν
808 3711 940 3791 ψῆφον
971 3701 1130 3780 λευκήν·
1151 3705 1179 3768 εί
1206 3707 1240 3767 δὲ
1267 3698 1407 3784 ὀχληρῶς

281 3811 439 3890 μέλαιναν.
479 3809 533 3874 ἐπί
561 3817 665 3874 τοίνυν
694 3814 754 3875 τῶν
782 3805 1048 3889 uino-iucundorum
1069 3806 1207 3890 ἐκφέρειν
1229 3801 1284 3880 τοὶς
1305 3804 1407 3888 φαρέ-

282 3935 375 3994 τρας,
395 3913 450 3974 καί
469 3907 618 3991 ἀριθμεῖν
636 3904 690 3984 τοὶς
703 3911 843 3995 ψήφους·
864 3915 917 3976 καί
936 3910 964 3976 εί
983 3905 1185 3990 εύρεθείησαν
1204 3911 1318 3972 πολλαί
1335 3911 1406 3970 λεν·

282 4017 352 4102 καί,
373 4008 590 4094 εὐδαιμονίζειν
609 4008 664 4078 τόν
684 4009 922 4096 οἷαογενόμενον.
948 4010 1026 4076 ὅθεν
1048 4007 1068 4089 ἤ
1088 4014 1253 4094 παροιμία.
1285 4010 1408 4073 Horatii

282 4134 360 4179 vero
381 4115 593 4198 scholiastae,
624 4115 796 4198 Porphyrio
827 4120 860 4179 et
886 4112 989 4194 Acro,
1016 4113 1108 4195 piane
1139 4114 1248 4178 similia
1272 4116 1407 4189 narrant,

283 4234 343 4278 non
364 4217 402 4292 de
423 4218 593 4282 'l'hracihus
615 4221 667 4282 aut
679 4217 817 4298 Scythis,
841 4218 896 4280 sed
921 4217 959 4280 de
985 4215 1263 4296 Cretensibus,
1290 4213 1407 4276 Cressa

283 4317 429 4381 videlicet
449 4329 525 4382 nota
538 4321 652 4385 inducti
673 4322 706 4384 et
726 4323 755 4383 in
776 4323 986 4386 transversum
1009 4321 1080 4384 acti.
1124 4318 1244 4381 Novam
1263 4313 1407 4397 explica·

284 4419 394 4486 tionem
419 4418 520 4485 attulit
540 4421 719 4488 Plutarchus
742 4421 851 4487 Parioi.
873 4421 924 4486 Pi.
944 4421 1027 4488 helio
1050 4421 1153 4488 Samio
1175 4422 1409 4502 coeptamesse
