3072 5180
277 317 340 386 118

279 531 300 574 a
316 508 373 572 diis
387 507 444 572 suu
466 508 598 589 exoptat
617 507 649 570 et
672 503 740 568 aliis
755 506 941 569 commendat
956 507 1147 586 saepissime.
1173 505 1251 568 Vide
1262 503 1401 568 Prooem.

276 631 352 695 pag.
375 625 445 672 xvu
469 626 536 690 seq.
588 605 661 668 lndc
691 607 780 670 etiam
813 626 896 690 popa
925 608 1005 689 apud
1028 608 1225 672 Menandrum
1251 605 1403 671 comicum

276 715 306 778 in
329 709 446 778 uitam
463 729 541 791 pag.
565 706 639 772 101.
661 706 811 771 llicineoir.
834 711 969 772 omuibus
992 712 1131 774 convivis
1155 711 1279 793 praeter
1299 711 1404 771 cetera

277 818 366 896 ,μῶν
387 809 485 877 ὄντων
510 806 716 892 olodanicis·
739 808 845 890 ὄνησιν
854 814 874 846 “
897 817 1050 896 precatur.

378 933 411 974 v.
436 909 487 976 18.
519 905 648 998 'Latodl
681 914 799 977 Graece
829 920 961 1002 Λητῴος
983 917 1008 976 a‘
1028 914 1152 992 volgari
1181 914 1275 977 forma
1297 908 1403 990 Λητώ,

279 1021 312 1080 et
332 1018 468 1103 Λατῴος
492 1033 511 1080 a
532 1015 628 1094 lyrica
646 1017 742 1078 forma
766 1013 864 1082 Λατώ
885 1019 1002 1082 dicitur.
1047 1015 1176 1077 Ovidius
1199 1017 1304 1078 formis
1325 1016 1403 1078 Le·

277 1118 379 1195 tola,
401 1115 558 1196 Letoia,
588 1116 754 1180 Letoias
776 1121 887 1195 utitur3
911 1121 1055 1182 Latous
1076 1117 1104 1174 in
1128 1113 1274 1176 Varronis
1298 1118 1404 1177 versi-

276 1221 334 1283 bus
357 1219 390 1280 et
411 1216 535 1280 Letoa
565 1220 684 1280 vates
709 1220 788 1299 apud
810 1221 958 1282 Senecam
979 1217 1102 1292 legitur.
1123 1250 1127 1256 -
1147 1213 1224 1276 lllud
1242 1217 1279 1276 N.
1302 1218 1401 1276 Heiu-

277 1322 342 1382 sius
364 1318 501 1381 Advers.
521 1339 554 1400 p.
578 1317 651 1383 169.
676 1338 693 1380 e
715 1323 909 1383 vetutissimo
937 1317 1042 1379 codice
1064 1315 1182 1378 Horatii
1204 1317 1234 1378 lr.
1257 1317 1278 1378 l.
1302 1334 1399 1397 prae-

277 1421 409 1484 ferebat.
454 1419 586 1482 Difficile
609 1424 657 1482 cst
680 1423 834 1499 statuere,
858 1423 953 1481 utrum
973 1435 1077 1478 verum
1094 1419 1145 1479 sit.
1190 1418 1403 1481 Verumtamen

278 1528 308 1586 in
329 1542 367 1586 ea
389 1503 510 1606 quoquc
532 1539 566 1583 re
592 1521 703 1602 aliquid
734 1521 859 1581 dandum
886 1519 1008 1580 videtur
1032 1519 1173 1599 auribus,
1202 1519 1308 1602 quihus
1331 1519 1402 1579 lio-

277 1630 342 1690 rioa
362 1627 460 1686 forma
481 1640 547 1684 roeo
568 1621 684 1700 quidem
709 1622 818 1684 iudicio
835 1620 864 1682 lr.
881 1621 902 1681 l.
927 1623 1046 1702 gratior
1065 1620 1194 1683 accedit.
1217 1621 1308 1682 Adde
1320 1618 1404 1700 quod

276 1729 435 1792 Pindarum
459 1729 491 1786 et
512 1721 662 1800 Euripidis
692 1721 788 1784 locum
821 1741 838 1784 e
870 1722 961 1787 chore
993 1723 1140 1804 sequitur.
1196 1720 1262 1785 Cir.
1286 1719 1325 1800 ll,
1350 1718 1402 1798 17,

279 1832 337 1896 14:
360 1828 605 1893 centimanus
629 1820 744 1900 Gyas.
949 1889 951 1894 ,

379 1951 407 1993 ν.
437 1927 476 1991 19
498 1942 562 2004 seq.
613 1945 670 1986 nec
697 1933 819 2008 turpem
844 1934 1002 1987 senectam
1032 1926 1162 2006 Degere
1191 1945 1250 1985 mec
1281 1924 1402 1984 cithara

276 2015 459 2109 carentem]
502 2024 589 2109 Quod
612 2024 775 2106 Horatius,
797 2028 845 2108 qui
869 2047 904 2088 se
927 2030 1055 2090 vatem
1078 2027 1146 2102 sive
1169 2025 1321 2106 Apollinis
1345 2044 1401 2088 sa-

274 2132 426 2196 cerdotem
445 2129 606 2209 professus
629 2133 715 2207 erat,
743 2128 792 2192 iric
814 2130 901 2190 deum
927 2122 1187 2213 κνθαρῳδὸνίοί.
1209 2128 1296 2192 Hom.
1319 2127 1354 2207 ll,
1376 2127 1402 2206 l,

273 2231 362 2308 603.)
386 2225 591 2312 ¹precatur¹]‚
629 2229 658 2291 id
690 2231 903 2320 Euripides
938 2234 971 2294 ut
1007 2231 1065 2294 sibi
1094 2231 1254 2308 contingat
1282 2228 1401 2291 illusam

274 2338 342 2399 orat
362 2334 453 2396 Herc.
476 2333 534 2392 iur.
556 2329 639 2393 676:

480 2427 543 2508 Mri
565 2429 662 2518 ζῴην
685 2431 770 2512 μετ’
791 2428 999 2514 ἀμουσίας,

481 2529 532 2598 ulai
554 2529 627 2596 δ’ἒν
649 2533 845 2614 στεφάνοισιν
865 2537 947 2614 siim·

480 2633 527 2698 ἔτι
547 2660 597 2698 τοι
618 2638 748 2716 γέρων
771 2633 879 2711 αόνδός

482 2741 605 2800 κελαδεῖ
623 2725 850 2817 Μναμοσύναν.
1000 2796 1003 2803 .

274 2843 364 2904 Adde
387 2841 437 2923 qui
458 2840 527 2902 lroio
551 2857 715 2917 geroianus
736 2844 785 2902 cst
806 2842 891 2905 locus
913 2837 1055 2918 dirachii.
1078 2840 1199 2918 Fragm.
1226 2835 1273 2900 13.
1295 2836 1402 2922 ulau:

483 2935 575 3004 Marci
600 2937 772 3023 δ’ἡσνχίας
791 2947 891 3029 πολιῷ

482 3039 564 3125 γήρα
582 3048 769 3122 συνοικοίην,

481 3136 615 3219 αἐίδονμι
635 3145 669 3202 δὲ
689 3139 851 3224 στεφάνοις
871 3139 952 3224 κάρα

486 3234 597 3302 πολιὸν
618 3241 831 3320 στεφανώσας.

275 3343 361 3427 Quae
389 3340 474 3401 recte
504 3356 570 3398 cum
601 3339 774 3402 Horatianis
801 3343 986 3420 comparant.
1035 3341 1140 3402 Simile
1173 3343 1283 3427 aliquid
1312 3342 1401 3404 etiam

275 3440 435 3518 'flengnis
455 3437 545 3516 lileg.
564 3437 629 3502 799
651 3461 720 3524 sqq.
744 3443 802 3504 sihi
826 3448 984 3523 precatur:
1016 3445 1071 3504 sed
1100 3445 1191 3508 multo
1214 3443 1401 3526 probabilius

276 3561 346 3606 esse
380 3542 501 3605 videtur
523 3541 680 3605 Horatium
713 3544 750 3606 ed
778 3544 949 3624 Euripidem
979 3549 1160 3627 respexisse
1190 3548 1220 3609 in
1254 3543 1400 3624 clausula,

276 3648 308 3706 ut
330 3645 485 3706 exordium
509 3647 648 3707 carminis
674 3665 691 3708 a
712 3645 843 3708 Pindaro
869 3644 1049 3710 deduxerat.
1101 3650 1167 3712 Hos
1190 3649 1271 3712 solet
1295 3648 1402 3728 sequi3

274 3743 355 3805 illum
386 3763 454 3806 num
482 3746 543 3809 ullo
572 3746 640 3809 loco
672 3750 797 3811 secutus
822 3747 863 3808 sit
885 3747 955 3828 plus
978 3769 1064 3832 quem
1086 3752 1206 3813 dubium
1229 3753 1288 3812 ast.
1330 3747 1402 3808 Vid.

274 3845 414 3909 Prooem.
434 3864 464 3925 p.
486 3863 581 3908 xxur.
605 3851 637 3912 ot
659 3850 699 3911 ei.
720 3850 758 3912 ad
781 3847 818 3912 (i.
843 3848 872 3930 l,
898 3843 952 3930 26,
982 3851 1011 3914 l.
1034 3855 1067 3915 et
1087 3851 1124 3918 C.
1144 3853 1200 3933 lV,
1221 3849 1253 3915 3.
1280 3855 1360 3914 extr.

325 4145 353 4212 1)
371 4143 413 4196 lto
439 4143 646 4200 Sohilieruo
678 4147 785 4210 noster,
820 4143 925 4198 Horatii
951 4146 1067 4201 fortasse
1096 4164 1212 4216 mcmor,
1238 4149 1270 4202 dc
1296 4146 1404 4217 Regino

379 4227 470 4296 lbyco,
486 4245 562 4298 quem
582 4231 640 4298 ipse
661 4243 766 4297 quoque
785 4227 826 4279 dis
846 4232 956 4280 amicum
976 4229 1089 4299 atpium
1109 4240 1195 4288 vantem
1212 4233 1349 4304 appellat:

483 4309 538 4364 llrm
557 4311 684 4365 sclronkia
701 4311 747 4364 des
767 4310 906 4382 Gesauges
926 4309 1009 4379 Gaba,

354 4451 360 4458 ,
482 4393 537 4448 Der
557 4393 655 4450 Lieder
671 4397 768 4452 sisaen
785 4393 870 4450 Mund
888 4394 974 4466 Apoll.
