3046 5224
1187 402 1240 447 ΧΧΙ

215 568 432 634 Simonidls
454 585 532 631 vero
557 565 625 650 Get,
648 569 733 632 ouius
763 569 864 635 Ceae
887 567 1080 635 Camenae
1112 566 1241 652 (0.111,

113 674 149 754 9,,
171 673 205 754 7)
229 673 388 736 laudantur
410 672 520 754 quique
541 689 600 734 oon
627 673 658 733 ln
691 689 750 734 uno
777 674 882 756 poesis
910 690 1028 752 genere
1055 672 1148 736 multa
1175 692 1240 737 oum

111 777 200 839 laude
214 778 358 838 versatus
380 791 450 834 esse
472 771 659 855 perhibetur,
681 775 849 838 sententies
864 774 1040 856 splendidas
1060 793 1146 858 quum
1169 775 1239 840 alibi

111 884 172 943 tom
194 877 415 940 studiosissime¹
437 876 466 936 in
489 877 580 938 tertio
602 876 680 939 libro
702 877 839 939 sectatus
860 879 911 941 est
924 871 980 956 ³²).

209 980 318 1062 Neque
354 996 429 1040 vero
470 977 706 1057 „Pindarici
738 977 865 1039 iontis
907 977 1111 1059 expalluit
1141 977 1239 1042 lau·

111 1081 242 1162 stus“,
272 1084 305 1144 ut
329 1081 372 1144 ait
395 1077 857 1162 spost.1,3,10.,qmnquam
882 1097 920 1142 eo
943 1079 1062 1162 quidem
1084 1079 1154 1143 loeo
1179 1077 1239 1144 all-

10 1237 11 1244 ,
111 1186 159 1244 ter
180 1182 218 1244 de
240 1201 275 1244 re
298 1184 460 1264 professus
482 1199 553 1243 esse
576 1183 708 1263 videtur,
731 1201 819 1265 quum
833 1182 967 1263 miretur,
989 1181 1071 1265 quod
1087 1182 1156 1263 ipse
1178 1201 1237 1244 uu-

10 1295 12 1368 j
109 1301 163 1343 sus
185 1302 244 1347 non
277 1287 333 1365 sit,
365 1289 398 1348 ot
424 1283 505 1346 illum
530 1282 748 1364 aemularetur,
780 1285 810 1344 id
842 1284 954 1347 Titium
977 1286 1108 1348 tentare.
1151 1283 1240 1370 Quod

110 1385 232 1465 decepit
250 1385 448 1466 luterpreies,
470 1386 633 1464 utlargum
657 1385 738 1448 illum
759 1386 870 1448 iontem
893 1387 988 1448 minus
1007 1385 1146 1450 studiose
1168 1387 1238 1450 adi-

109 1488 193 1566 rent,
216 1505 302 1566 quam
322 1489 509 1570 antiquiores
528 1492 637 1570 poetas
659 1489 782 1551 melicos
806 1487 1002 1551 Graecorum.
1055 1486 1166 1551 Verum
1194 1489 1238 1550 in-

109 1591 207 1651 terest
225 1590 352 1672 aliquid,
377 1594 409 1654 ut
429 1592 555 1672 opinor,
572 1591 650 1653 inter
671 1590 899 1653 aemulationem
918 1592 951 1653 et
973 1590 1183 1672 imitationem,
1206 1594 1239 1652 et

108 1694 205 1772 ipsum
224 1693 297 1754 illud
317 1691 420 1757 Carm.
437 1693 498 1774 lV,
522 1693 569 1775 2.,
594 1712 654 1776 quo
677 1695 775 1756 omnia
795 1692 973 1756 Pindarieae
993 1694 1098 1773 poesis
1121 1711 1238 1772 genera

209 1944 335 1998 Anaor.
357 1947 389 2006 11,
407 1949 452 2003 47.
470 1945 548 2000 Sem:
985 2009 987 2014 ,

247 2024 346 2080 froila
364 2027 475 2100 Θρῃκῖη,
493 2030 521 2080 sl
536 2021 572 2092 δή
587 2044 622 2092 με
640 2023 721 2089 λσξὸν
736 2021 859 2092 ὄμμασιν
874 2022 1012 2094 βλέπουσα

247 2113 275 2162 N
281 2107 384 2176 ηλεσῖι
403 2108 465 2180 φιῦ
474 2128 566 2178 yses,
584 2107 685 2165 doulam
704 2106 734 2162 δέ
749 2103 864 2176 μ’σῦὃὲν
880 2101 980 2160 εἰδέναι
998 2106 1099 2176 σοφόν,

142 2213 146 2222 ·
241 2190 321 2247 ”Iouis
341 2213 399 2252 τσι,
416 2193 506 2250 καλῶς
527 2193 580 2260 μέν
597 2188 632 2246 do
647 2211 692 2246 τσι
708 2190 820 2260 χαλινὸν
834 2188 992 2261 institurus,

245 2275 340 2334 ‘Horae
357 2275 449 2345 δ’έχσιν
466 2275 609 2347 στρέφσιμ’
631 2272 666 2328 ilo
687 2272 761 2344 σι’μφὶ
778 2276 902 2344 τέρματα
920 2271 1030 2344 δρόμσσ.

244 2358 315 2414 Νῦν
333 2357 369 2414 δέ
387 2357 565 2427 delusionis
583 2359 786 2428 τιβὸσκεαι
804 2353 919 2428 ιισῦφσί
944 2377 979 2411 τε
1002 2357 1184 2428 σκιρτῶσα

865 2441 1026 2505 παίζεις·

243 2525 343 2590 Διξιὸν
359 2525 411 2598 γάρ
430 2523 597 2595 ἶππσπείρην
617 2522 665 2579 otiu
683 2525 747 2594 ἔχεις
764 2518 941 2597 ἐπεμβάτην.

209 2678 248 2733 Ex
268 2679 533 2735 Anacreonteis
553 2685 640 2734 autem
659 2679 822 2736 carminibus
841 2681 913 2746 illis,
943 2693 1011 2751 quae
1035 2682 1120 2734 uariis
1141 2686 1168 2734 et
1185 2696 1233 2735 au-

207 2765 327 2819 otorihus
347 2772 374 2819 et
392 2766 558 2834 temporibus
577 2765 670 2820 deberi
687 2772 801 2830 constat,
820 2764 949 2818 nonnulla
967 2764 1062 2818 saltem
1078 2779 1135 2818 onor
1146 2764 1233 2819 llore-

207 2855 246 2906 tio
267 2869 321 2906 non
340 2855 398 2906 sine
417 2865 515 2921 magna
534 2849 715 2904 similitudinis
737 2852 826 2918 speoie
846 2850 998 2918 comparari
1017 2854 1142 2916 possunt,
1162 2850 1235 2904 velut

209 2939 397 3006 primumcum
416 2933 444 2988 G.
463 2935 481 2999 l,
502 2939 544 3000 6.,
569 2950 616 2988 nur
639 2949 697 2988 oum
724 2933 807 2999 (1.11,
827 2939 886 2998 12„
912 2948 969 2986 xxv
992 2946 1050 2985 oum
1068 2932 1098 2987 C.
1122 2933 1166 2998 ill,
1191 2941 1235 2989 21.

212 3021 318 3089 aliaque
335 3032 391 3070 oum
410 3017 482 3073 aliis.

141 3134 190 3202 32)
207 3131 281 3192 llor.
301 3133 328 3191 G,
347 3131 392 3195 111,
414 3138 441 3197 2,
461 3135 509 3188 14τ
527 3130 604 3187 Mors
621 3139 648 3187 et
665 3133 787 3203 lugaoem
803 3131 973 3201 persequitur
983 3132 1076 3189 virum.

208 3216 281 3277 Sim.
299 3219 330 3276 ir.
349 3225 380 3274 51
399 3215 475 3275 Solo:
526 3213 592 3270 Ὧδ’
609 3211 643 3270 αὖ
662 3215 787 3273 θσῖνστσι
799 3215 855 3284 κίχε
872 3221 919 3269 καὶ
936 3213 986 3269 τόν
997 3214 1162 3287 φνγόμαχσν.

207 3404 241 3414 -
260 3379 286 3437 2,
304 3378 338 3428 21
353 3387 405 3443 sq.:
521 3370 613 3424 Virtus
637 3369 775 3423 recludens
795 3371 932 3423 immeritis
943 3371 1020 3422 mori

521 3453 629 3508 Caelum
647 3461 747 3525 negata
763 3461 849 3510 tenmt
866 3457 918 3508 iter
938 3456 988 3513 via.

205 3566 239 3580 -
259 3547 309 3605 83,
328 3547 358 3596 3:
516 3535 586 3592 olid
602 3538 719 3594 sedenim
736 3537 883 3597 deviares,
908 3535 969 3592 ἔπιέ
992 3537 1121 3610 σφ’σῖρετὴ
1142 3541 1233 3598 καθέ-

1006 3629 1095 3692 osolla

515 3704 674 3760 Kodoluoou'
694 3705 790 3778 ἐνάγει
809 3704 933 3769 δώματος
950 3704 979 3766 ἐξ
997 3704 1104 3762 Ἀΐδεω.

569 3810 772 3819 -—-—·--

205 3887 239 3897 -
258 3865 283 3922 2,
303 3863 351 3918 25;
512 3856 560 3910 list
578 3861 604 3910 et
619 3855 691 3910 fideli
711 3861 769 3911 tuta
786 3860 892 3914 silentio
911 3857 1026 3916 llleroes.

201 3971 236 3982 -
252 3947 301 4000 52:
517 3939 598 3994 Ἔστι
617 3945 663 3994 sut
680 3941 757 4025 σιγᾶς
775 3940 920 4000 σῖιιένόυνσν
939 3946 1027 4016 γέρας.

563 4043 767 4056 —--....-.-.

201 4125 237 4136 -
256 4102 300 4178 29,
317 4098 353 4153 47
371 4111 423 4166 sq.:
488 4135 492 4140 .
512 4091 649 4163 (luppiter
669 4098 737 4166 non)
757 4096 886 4169 Diiinget
902 4099 1079 4169 infestumque
1098 4098 1192 4154 reddet

519 4177 596 4240 Quod
615 4179 721 4251 lugiens
739 4185 822 4238 semel
839 4183 908 4256 hora
925 4187 1005 4242 uenit.

162 4322 164 4326 ,
202 4293 238 4306 ·-·
255 4269 304 4324 55:
321 4332 327 4337 ι
515 4264 551 4318 Td
571 4263 623 4334 γιὲρ
641 4268 821 4336 γσγιναμένσν
841 4264 928 4322 οὐκέτ’
948 4265 1065 4340 ἄρεκτον
1087 4265 1173 4323 ἔσται.

204 4363 243 4416 De
261 4363 360 4419 Simon.
386 4363 418 4420 lr.
440 4364 481 4419 52.
501 4361 542 4418 oll.
561 4361 624 4418 llor.
642 4363 659 4420 1,
678 4379 699 4420 o.
723 4370 749 4418 et
772 4363 834 4418 aliis
852 4365 1004 4420 aoouratius
1024 4367 1147 4433 exposuit
1165 4364 1231 4416 Lo-

242 4446 334 4503 lueolr,
369 4447 429 4517 ngr.
448 4463 472 4514 ρ.
492 4449 532 4503 67.
898 4461 899 4464 ’

1005 4535 1024 4595 2
