3072 5180
104 297 106 302 ’
218 287 323 359 *loo

248 465 407 566 ¹Horatios
427 478 522 558 lyram
542 492 625 538 suam
650 477 799 562 salutans,
821 481 855 544 nt
871 477 1113 561 quemadmodum
1139 481 1236 546 adhuc
1257 481 1377 562 iecerit,

261 581 308 645 sle
331 596 428 660 nsque
448 577 505 639 sihi
529 577 739 658 obsecundare
763 581 850 661 velit,
872 581 900 642 si
919 581 977 643 nito
1002 579 1139 660 vocet.¹)
1172 585 1273 665 Supra
1290 585 1377 663 enim,

259 681 290 743 id
312 679 394 762 quod
417 678 455 742 ad
477 683 657 746 sententiam
684 685 751 746 iere
771 684 850 745 idem
869 685 949 763 erat,
969 683 1146 764 simpliciter
1168 686 1290 749 dixerat
1317 685 1379 748 dic

259 797 425 846 carmen.
479 781 533 847 Sic
559 786 745 867 interpretor
769 785 888 849 Graeca
918 787 1107 866 potissimum
1137 789 1168 849 in
1188 787 1307 868 hymnis
1329 788 1379 849 lc-

258 883 371 970 quendl
390 886 635 949 consuetudinem
654 889 841 968 comparata.
886 886 962 948 Nam
984 889 1054 969 quin
1076 888 1133 951 hcc
1154 887 1242 950 mihi
1264 888 1380 951 salve

261 987 420 1052 aGraeco
443 996 534 1070 χαῖρε
555 989 754 1069 repetendum
782 988 840 1066 sit,
867 987 924 1048 vix
945 990 995 1049 est
1019 989 1101 1069 quod
1124 989 1309 1070 dubitemus,
1334 991 1381 1050 si-

261 1089 400 1174 quidem,
414 1089 459 1154 ,nt
485 1089 598 1153 mittam
625 1092 778 1153 recentem
810 1089 992 1154 testudinem
1022 1089 1064 1150 ita
1090 1088 1216 1152 salutari
1243 1092 1283 1152 ab
1312 1094 1383 1173 ipso

256 1196 391 1276 *parente
410 1191 498 1255 Hom.
514 1190 552 1252 Η.
572 1189 715 1255 lnlllerc.
729 1188 791 1254 312
810 1201 979 1277 χαῖρε...
1003 1183 1107 1262 decade
1127 1185 1242 1272 ἑταίρη,
1263 1192 1383 1254 ’Λοπα-

261 1297 314 1374 atq
336 1301 628 1377 concessiones.
650 1300 694 1372 λ.,
721 1291 802 1356 διοοο
827 1294 894 1374 ipsa
918 1292 1072 1355 sollemnis
1094 1308 1130 1353 ac
1150 1310 1248 1374 prope
1267 1311 1381 1356 ncces-

261 1396 344 1459 saria
363 1397 393 1458 iu
414 1394 589 1475 hymnorum
617 1393 754 1476 epllogls
774 1394 939 1476 perorandi
961 1392 1089 1454 formula
1116 1392 1190 1472 luit,
1221 1412 1281 1484 qua
1301 1411 1383 1475 poe·

262 1501 313 1562 tae
335 1497 374 1558 ad
397 1496 473 1558 deos
497 1497 639 1558 conversi
659 1501 692 1562 et
709 1497 746 1559 iis
768 1496 856 1579 quasi
879 1493 1091 1557 valedicentes
1112 1495 1155 1556 nti
1178 1493 1329 1572 solebant,
1350 1497 1386 1556 ut
1519 1507 1520 1574 j

261 1615 384 1681 quorum
406 1598 551 1660 numinum
573 1597 704 1660 virtutes
724 1599 853 1662 carmine
874 1595 1127 1675 commovissent,
1147 1612 1248 1657 eornm
1271 1598 1386 1676 poten·
1519 1577 1520 1628 ³

260 1701 323 1764 tiae
345 1719 381 1764 ac
403 1697 637 1763 benevolentiae
659 1705 694 1762 s'e
716 1699 959 1762 commendarent
979 1715 1106 1779 eamque
1129 1701 1306 1778 perpetuam
1328 1697 1386 1758 sihi

261 1805 437 1885 poscerent,
459 1801 538 1866 ultro
558 1803 624 1863 iere
647 1801 829 1882 pollicentes
848 1819 883 1862 se
904 1799 994 1861 etiam
1016 1799 1147 1880 posthac
1166 1800 1302 1880 ipsorum
1317 1800 1384 1861 lan-

262 1904 319 1966 des
339 1905 656 1986 persecuturos-ense.
697 1901 746 1964 lta
765 1919 868 1964 omnes
882 1887 992 1981 ¹hymni
1008 1901 1171 1982 Homerici,
1192 1905 1299 1989 paucis
1314 1905 1386 1984 qui-

261 2006 387 2070 busdam
409 2004 562 2085 exceptis,
586 2003 774 2088 clauduntur,
797 2003 853 2066 sed
874 2004 1004 2066 maxime
1025 2001 1082 2068 hcc
1103 2003 1191 2067 modu
1215 2024 1273 2087 qno
1297 2004 1336 2066 H.
1356 2005 1390 2065 in·

248 2105 369 2208 ‘lpoll
389 2108 424 2170 Ρ.
447 2105 530 2172 367ε
1285 2121 1291 2132 ’

267 2201 287 2280 ,“
350 2201 491 2274 licini
513 2209 586 2289 μὲν
615 2205 717 2272 οὕτω
746 2218 882 2292 χαῖρε,
909 2201 986 2282 Διὸς
1009 2211 1063 2272 καὶ
1084 2207 1208 2284 Λητοῦς
1229 2206 1284 2272 nii.

350 2305 449 2392 αὐτὰρ
470 2307 530 2392 ἐγώ
551 2313 604 2374 καὶ
624 2319 691 2375 ocio
712 2315 765 2374 aci
786 2307 877 2388 ἄλλης
899 2303 1038 2392 μνήσομ’
1058 2305 1172 2385 ἀοιδῆς.

263 2409 397 2476 Additur
417 2413 446 2474 ln
468 2410 535 2478 aliis
556 2407 640 2494 ἐμεῖο
662 2414 695 2476 δὲ
716 2416 768 2476 καί
791 2409 985 2493 μετόπισθεν
1002 2395 1182 2486 Μνήσασθ’
1200 2405 1257 2490 [H.
1277 2411 1306 2470 ln
1322 2409 1387 2491 Ap.

263 2512 306 2576 Ι).
331 2512 440 2597 mlh),
461 2517 586 2593 λίτομαι
610 2513 644 2576 δέ
663 2509 693 2577 σ’
711 2511 800 2604 closely}
820 2513 922 2598 (XVI,
937 2511 969 2574 5.
992 2511 1042 2572 Fr.
1059 2508 1147 2588 XIX,
1164 2506 1254 2591 480),
1277 2509 1389 2590 ἵλαμαι

266 2614 301 2678 δέ
320 2610 357 2679 c’
376 2611 465 2706 ἀοιδῇ
484 2614 585 2695 (XXI,
599 2613 666 2697 5.),
691 2617 743 2680 vel
757 2615 947 2680 substituitur
968 2612 1036 2675 hnic
1056 2611 1203 2691 formulae
1223 2607 1390 2688 nnn'tmea

269 2714 354 2798 (XX,
374 2714 407 2784 8·
434 2717 553 2799 XXIII,
570 2717 632 2798 4.),
654 2714 748 2802 χάριν
768 2717 801 2783 δ’
820 2715 878 2798 ἅμ’
900 2713 1043 2780 ι’)ἰτασσον
1066 2710 1152 2802 ἀοιδῇ
1174 2712 1309 2795 (XXIV,
1331 2712 1391 2795 5.).

367 2820 419 2884 'Aa
450 2839 488 2883 ne
522 2821 590 2904 quis
615 2820 783 2884 Homericis
813 2820 882 2881 istis
910 2817 1030 2900 hymnis
1066 2834 1170 2898 parum
1204 2817 1391 2880 tribuendum

267 2933 340 2984 esse
357 2926 461 3005 putet,
490 2941 550 2988 oon
581 2925 671 3004 parvi
694 2923 834 2986 iaclenda
855 2925 905 2985 est
928 2918 1104 2991 Callimachi
1126 2921 1308 3001 auctoritas,
1340 2925 1391 3005 qui

267 3043 355 3107 quum
382 3027 495 3088 similes
521 3025 634 3090 haheat
662 3023 837 3104 hymnorum
865 3023 1019 3087 clausulas
1048 3022 1124 3085 satis
1155 3023 1287 3086 ostendit
1308 3023 1389 3086 illam

268 3127 428 3206 perorandi
449 3127 605 3190 formulam
636 3125 767 3208 antiquis
797 3125 826 3186 ln
855 3144 912 3187 uso
941 3127 1056 3204 inisse,
1089 3123 1233 3205 quidquid
1261 3127 1391 3189 nonnulli

270 3228 377 3289 contra
399 3225 599 3307 disputarunt.

271 3323 309 3386 Η.
323 3324 453 3388 iolcum
473 3331 508 3392 X
515 3338 605 3408 αῒρε
624 3326 707 3409 μέγα
730 3329 866 3408 Κρονίδη
885 3325 1119 3404 necandorum,
1141 3326 1240 3413 δῶτορ
1261 3326 1352 3394 ἐάσοι.

470 3437 587 3510 χαῖρε
606 3424 715 3508 πάτερ,
734 3423 949 3510 potifari-he,
964 3429 1049 3491 didon
1064 3421 1214 3509 d'clpetry'r
1225 3427 1337 3512 α’φενόν
1352 3455 1395 3497 τε.

273 3528 313 3591 Η.
326 3529 356 3592 ln
369 3527 454 3593 Dia:
475 3535 604 3617 Χαῖρε
624 3531 706 3614 μέγα
724 3533 882 3614 κρείουσα,
903 3533 956 3592 καὶ
975 3523 1143 3607 andrapone
1165 3527 1263 3620 οἷοιδῇ.

273 3631 312 3693 Η.
327 3632 449 3697 in'Oer:
472 3628 686 3719 Χαῖρεδεοὶ
709 3639 762 3699 καὶ
784 3627 874 3697 τάνδε
893 3627 961 3695 com
982 3627 1086 3696 notra
1114 3665 1158 3678 -
1202 3645 1259 3713 -',
1325 3693 1326 3700 ,

470 3735 595 3800 ‘Itone‘
613 3760 683 3818 μοι
704 3739 857 3820 τρίλλιστε
874 3733 956 3815 μέγα
977 3736 1124 3817 κρείουσα
1144 3729 1260 3798 θεάων.

374 3834 484 3898 Notum
511 3840 623 3899 estex
647 3837 816 3900 Homericis
837 3835 966 3917 hymnis,
987 3838 1015 3898 sl
1036 3855 1096 3900 uon
1117 3835 1294 3919 plerosque,
1316 3854 1396 3900 non-

274 3933 373 3998 nullos
394 3940 478 4000 cente
497 3934 622 3999 aliorum
645 3939 806 4000 carminum
829 3934 984 4022 προσόδια
1006 3941 1039 4002 ct
1052 3942 1205 4022 προοίμια
1219 3939 1316 4002 inorsa
1332 3939 1397 4004 ita·
1519 3919 1520 3948 ³

276 4089 481 4101 ——u-u-——o-

329 4183 359 4250 1)
377 4182 445 4247 „Sei
464 4184 499 4239 du
517 4155 736 4242 mlrhrcnndlich
747 4186 1017 4256 gegriusstundbleih
1035 4188 1086 4240 mir
1103 4185 1245 4258 besttndig
1256 4201 1399 4258 gewogen,
1446 4227 1452 4241 .

370 4267 468 4402 wion
492 4267 535 4324 lclu
562 4271 706 4358 (jedcsmal
733 4287 809 4356 menn
831 4271 888 4342 ich)
915 4274 961 4327 mit
983 4269 1089 4326 wahren
1106 4269 1306 4348 Begeisterung
1334 4273 1396 4327 dich

379 4365 410 4403 ru
422 4365 447 4404 e.
456 4353 473 4378 ‘⁶
