3064 5206
792 541 930 624 Φιλύρας
950 538 1013 628 εἶχε
1033 545 1094 628 γάρ

399 647 418 713 d
437 661 513 724 παῖς
534 645 668 732 ἄφυλλον
689 647 844 726 στέφανον
868 645 1110 732 u'pqoruul‘peruu.¹

299 785 332 848 ln
357 785 466 867 qulbus
485 778 621 862 ἄφυλλον
645 778 717 840 lllud
741 775 876 841 declarat
893 799 951 842 nou
972 781 1066 844 sulam
1088 778 1236 861 philyrum
1258 803 1316 864 pro
1335 803 1425 848 curo·

299 892 437 951 nomento
462 885 580 964 gesturi
603 865 741 959 solitam,
770 882 824 942 sed
850 901 938 963 quum
968 901 1058 944 rosae
1084 901 1160 964 quae
1185 883 1306 966 philyra
1329 906 1428 950 nexae

301 992 421 1053 inerant
437 1007 477 1050 ex
498 967 558 1050 ista
574 1001 685 1048 corona
707 984 763 1044 iam
787 983 982 1065 decidissent,
1003 1004 1079 1065 pura
1096 984 1215 1065 philyra
1230 990 1427 1072 relinqueba-

299 1097 348 1154 lur
371 1096 509 1171 tanquam
533 1086 666 1170 ἄφυλλος
686 1082 812 1164 aldrice,
841 1086 869 1146 ld
892 1091 940 1150 est
962 1086 1099 1148 loliorum
1121 1094 1227 1177 ornatu
1249 1111 1305 1154 suo
1329 1094 1427 1155 denu-
1457 1103 1468 1114 ⁴

192 1181 194 1188 ¹
301 1195 406 1273 datus,
433 1197 467 1254 ut
490 1192 708 1272 Interpretatur
729 1187 841 1250 Pollux
863 1187 922 1250 On.
944 1189 967 1269 l,
993 1187 1068 1252 2:36.

399 1325 512 1410 Quodsi
540 1345 644 1385 necue
672 1322 801 1405 philyra
836 1341 969 1384 coronae
1004 1321 1081 1404 apud
1114 1321 1269 1384 Horatium
1300 1325 1428 1386 eaedem

299 1431 369 1490 sunt
387 1446 464 1508 quae
486 1426 556 1488 alibi
576 1426 686 1488 eutilee
703 1426 871 1503 vocantur,
896 1424 1017 1504 primum
1039 1423 1097 1486 hoc
1117 1424 1207 1506 plane
1226 1427 1428 1506 perspicimus

298 1547 316 1588 e
340 1528 427 1589 Plinii
446 1529 530 1607 loco,
553 1547 606 1589 cur
625 1527 755 1589 Horatio
777 1526 1001 1608 displicuerint.
1048 1527 1142 1588 lirant
1164 1527 1240 1588 enim
1261 1530 1331 1588 lunc
1354 1529 1427 1606 qui-

297 1631 380 1709 dem,
405 1651 490 1714 quum
515 1629 640 1692 nondum
664 1627 701 1691 ah
723 1626 808 1690 ludia
830 1645 958 1689 coronas
982 1629 1304 1712 peterecocpisseut,
1337 1629 1426 1690 istius

294 1733 434 1797 luxuriae
464 1733 541 1795 linis.
594 1733 710 1794 Deinde
739 1728 861 1792 ’collatis
893 1731 1005 1792 ceteris
1028 1730 1104 1791 locis
1135 1728 1227 1791 facile
1251 1729 1426 1807 colligimus

296 1838 382 1917 ipsas
412 1837 539 1900 artificio
570 1835 697 1918 quodam
726 1831 876 1911 singulari
900 1851 917 1892 e
939 1850 1021 1894 ructo
1044 1831 1118 1914 lolio
1147 1851 1237 1894 rosae
1266 1833 1307 1893 ita
1329 1833 1427 1892 luisse

296 1940 452 2002 consectas
475 1943 564 2021 atque
587 1941 740 2015 consutas,
761 1938 795 1996 ut
813 1934 935 2014 singula
954 1927 1098 1998 rosarum
1115 1938 1210 2024 folia,
1234 1933 1427 2014 ecalycihus

295 2043 359 2102 suis
392 2042 539 2122 decerpta
558 2035 607 2122 ⁷),
624 2040 696 2100 *alia
724 2027 791 2099 aliis
820 2040 1055 2119 superimposita
1082 2039 1256 2099 substratae
1288 2035 1427 2116 philyrae

294 2145 514 2221 insererentur,
551 2143 654 2223 itaque
688 2140 784 2202 omnia
814 2141 894 2201 iuter
925 2159 960 2200 se
989 2142 1165 2222 squamatim
1203 2142 1310 2201 iuncta·
1335 2143 1428 2219 atque

294 2259 435 2302 connexa
456 2241 546 2302 altam
576 2245 608 2302 et
638 2242 760 2302 densam
791 2257 927 2301 rosarum
950 2222 1128 2322 compagem
1152 2260 1332 2322 roseumque
1354 2244 1428 2302 tan-

292 2360 378 2422 quam
401 2344 532 2402 strameu
556 2343 583 2400 ln
607 2342 665 2404 tori
688 2341 803 2400 modum
830 2340 1045 2424 efficerenl⁸):
1078 2345 1105 2404 id
1130 2345 1211 2426 quod
1232 2346 1428 2424 priseae'ar-

296 2523 498 2532 -.--—-——

310 2711 316 2722 ,
343 2661 373 2729 7)
391 2656 459 2730 ῥόδα
477 2655 652 2726 λελυμένα
672 2656 808 2726 Luciano3
828 2673 852 2712 v.
874 2657 944 2710 inira
964 2661 990 2710 in
1013 2665 1076 2712 nota
1097 2665 1136 2718 19.
1180 2661 1303 2716 Ceterum
1329 2660 1430 2716 lolia

395 2757 475 2796 rosae
493 2745 604 2811 proprie
624 2749 754 2797 uocantur
773 2755 820 2799 ea.
840 2756 909 2812 quae
927 2743 1039 2797 medium
1058 2749 1169 2814 cingunt
1183 2747 1275 2799 liorem
1289 2745 1427 2814 calyeeur-

395 2842 445 2898 que
463 2825 595 2894 eliciunt3
618 2843 642 2880 v.
660 2825 738 2882 Voss.
758 2825 792 2879 ad
814 2826 889 2897 Virg.
910 2825 955 2880 Ge.
967 2825 1009 2890 lv,
1028 2833 1088 2885 274.
1106 2845 1132 2898 p.
1147 2835 1200 2887 823
1220 2843 1260 2898 sq.
1281 2829 1313 2881 cl.
1331 2827 1427 2886 Diosc.

392 2912 413 2977 l,
435 2917 498 2967 130:
520 2909 678 2983 ξηραίνεται
695 2909 724 2964 dl
742 2909 784 2963 τυὲ
798 2909 914 2979 φύλλα
934 2931 974 2954 -·
1001 2909 1034 2964 cd
1053 2909 1081 2964 dn*
1103 2913 1132 2965 ἐν
1149 2916 1240 2979 μέσοις
1260 2916 1317 2968 τοῖς
1334 2909 1439 2982 ‘iddare'

393 2993 590 3068 adproxdperou
609 2994 720 3052 ἄνθος
737 2994 793 3053 erl.

342 3098 375 3162 8)
392 3094 517 3164 Belliger
535 3094 600 3149 Sab.
620 3104 644 3159 1,
664 3098 716 3151 209
734 3099 761 3146 el
777 3096 825 3146 241
848 3107 903 3162 seq.
926 3096 1020 3145 sutiles
1038 3111 1117 3145 rosus
1141 3109 1188 3147 sen
1206 3110 1292 3146 memus
1314 3095 1426 3161 philyra

394 3195 509 3230 corones
529 3177 634 3232 Horatii
653 3181 692 3230 sic
710 3179 917 3244 iulcrprctalur:
947 3177 1022 3240 „aui
1040 3182 1114 3230 zarte
1132 3172 1340 3234 Lindeubauder
1362 3183 1424 3234 aul—

392 3259 534 3328 gcreihete
550 3260 756 3318 inseruitum,
786 3275 826 3310 uo
854 3274 907 3311 rrun
924 3258 967 3312 die
987 3258 1225 3330 schuppeuidrnnig
1242 3263 1310 3316 irher
1329 3267 1424 3316 einan-

394 3344 570 3412 dergelegten
588 3343 693 3398 Bliultcr
711 3345 789 3393 einen
811 3340 907 3394 dickcn
927 3341 1013 3394 Wulsl
1037 3342 1191 3396 hildelen.“
1229 3343 1335 3400 Becher
1352 3345 1424 3402 Gall.

391 3426 440 3493 111,
458 3429 526 3484 248:
557 3423 643 3491 „llic
670 3423 821 3476 sunderher
849 3438 877 3476 es
903 3423 970 3476 auch
993 3421 1121 3478 scheinen
1140 3441 1221 3496 meg,
1248 3445 1279 3484 so
1306 3432 1374 3484 laissi
1392 3447 1423 3486 es

392 3510 450 3566 sich
476 3508 544 3565 doch
571 3507 645 3564 nicht
668 3509 800 3576 leugneu,
828 3505 891 3560 dass
917 3520 965 3558 aus
992 3506 1042 3559 den
1068 3511 1207 3566 einzeluen
1228 3511 1350 3568 Bliltern
1374 3515 1424 3569 der

391 3596 462 3652 llose
480 3595 586 3650 Krinze
605 3592 737 3663 gelerligt
753 3590 879 3657 werden,
897 3589 984 3642 indem
1004 3605 1064 3645 man
1084 3595 1191 3650 sicani
1207 3597 1337 3654 eiulland
1356 3601 1424 3654 oder

392 3682 511 3738 Slreiien
531 3678 597 3733 Basl
617 3676 757 3731 hellete...·
779 3675 867 3728 Alleiu
888 3688 944 3726 uas
962 3673 1073 3744 Apicius
1095 3677 1114 3742 l,
1135 3683 1160 3734 4.
1179 3690 1256 3753 sagi:
1275 3687 1355 3736 Folle
1373 3703 1423 3738 ro.

390 3785 482 3820 onrum
499 3764 560 3818 ulho
577 3762 681 3814 suhlulu
701 3763 756 3812 lino
775 3761 879 3810 inseres
897 3765 928 3807 el
946 3762 1076 3814 sutiles
1094 3765 1217 3829 socies,
1248 3767 1295 3822 des
1318 3768 1423 3823 scheint

391 3851 449 3903 dem
468 3844 624 3902 Ausdruche
650 3842 718 3896 nauh
740 3841 808 3896 doch
834 3845 880 3896 nnil
899 3843 983 3911 jeneu
1003 3843 1226 3904 Blitterkriunzen
1253 3866 1421 3906 zusammen·
1467 3829 1474 3844 ⁸

391 3932 546 4002 tullengen,
571 3943 646 3980 uenn
671 3924 738 3980 auch
766 3925 825 3979 hier
853 3925 896 3978 dle
916 3924 1020 3982 uretur
1045 3930 1089 3984 hir
1113 3947 1184 4002 ganz
1210 3917 1421 3992 verschiedenen

390 4013 487 4070 Zweck
506 4029 540 4066 an
560 4009 610 4063 den
629 4009 719 4064 Faden
736 4007 861 4080 gereihel
878 4009 1022 4065 werden.“
1060 4011 1196 4086 Praecipit
1214 4022 1282 4072 eninr
1299 4019 1419 4089 Apicius.

386 4115 439 4174 quo
466 4099 566 4167 optimu
586 4100 612 4148 el
632 4095 791 4150 brevissimo
817 4091 895 4146 ruodo
916 4095 1005 4148 riuum
1032 4105 1151 4154 rosatum
1171 4105 1206 4156 sit
1227 4103 1419 4159 conficiendum

338 4213 341 4220 ι
388 4185 519 4256 jubetque
546 4181 679 4234 sutiles
711 4191 813 4232 rosas
840 4176 983 4245 adhiberi,
1012 4195 1066 4234 non
1094 4187 1172 4236 tunsa
1196 4189 1268 4240 sicca
1296 4203 1419 4242 rosarum

392 4269 460 4322 solua
484 4272 510 4324 et
536 4262 639 4316 inclusa
662 4260 773 4314 linteolo
799 4264 825 4314 in
846 4268 958 4316 mustum
977 4264 1077 4332 conjici
1105 4278 1161 4318 eum
1181 4269 1364 4337 pondusculo,
1391 4280 1420 4327 ul

389 4348 479 4409 Diosc.
498 4347 531 4410 V,
550 4348 593 4402 35.
621 4339 955 4416 etrrrn.xtv,§.1ou.
991 4342 1112 4400 Ceterum
1135 4348 1202 4406 illud
1228 4355 1290 4407 ulho
1313 4357 1419 4410 subluto

388 4433 493 4502 plenius
508 4429 548 4480 sle
566 4427 636 4496 apud
649 4429 736 4495 ipsum
752 4423 854 4483 hahes:
875 4429 936 4482 alluo
954 4431 1000 4484 imi
1014 4432 1076 4498 folii
1094 4435 1170 4499 prius
1186 4441 1290 4507 forcipe
1302 4443 1418 4499 mileto.
