3072 5180
282 392 327 458 66

282 575 404 662 ἐριῦιων
415 575 463 662 ¹),
481 574 618 661 ’Ἑρωτος
637 573 759 658 βοηθόν
767 571 797 658 ²)
817 579 973 640 vocantes.
1016 575 1179 638 Anacreon
1201 577 1322 659 quidem
1344 595 1410 640 eum

285 683 472 762 potissimum
492 681 643 762 implorat,
666 683 700 742 ut
717 678 775 739 sibi
793 679 822 738 in
842 695 943 739 amore
960 675 1099 741 Cleobuli
1117 679 1203 758 puori
1224 680 1411 742 conciliando

285 783 458 864 auxilietur,
484 784 533 846 Fr.
558 782 587 844 6.
601 784 654 844 B.:
670 775 783 858 Ὠναξ,
806 771 831 866 ᾧ
851 776 986 861 δαμάλης
999 777 1098 860 Ἔρως
1118 783 1170 842 καὶ
1183 777 1314 862 Νύμφαι
1335 807 1410 845 κυα-

283 879 413 959 νώπιδες
442 886 603 968 πορφυρέη
632 879 660 947 τ’
680 881 845 966 Ἀφροδίτη
878 883 1122 961 συμπαίζουσιν,
1150 885 1182 943 et
1212 883 1351 944 similiter
1379 882 1410 944 ui

285 984 343 1048 lroo
366 986 434 1048 loco
457 986 601 1050 Horatius
629 985 736 1065 culpae
757 1003 832 1046 suae
858 985 984 1046 eundem
1005 985 1124 1046 incusat
1146 983 1356 1062 Meleager
1381 985 1407 1044 in

286 1085 410 1149 Antinoi.
434 1087 485 1150 Gr.
499 1087 523 1168 l,
542 1087 592 1149 17.
615 1087 724 1167 Epigr.
740 1085 842 1165 nvn,
859 1083 898 1148 32
919 1084 969 1148 Ἐν
991 1089 1067 1169 πυρὶ
1086 1089 1252 1166 γενναθεῐς
1271 1087 1410 1168 στέργεις

286 1183 385 1270 φλόγα
401 1182 456 1252 soie
478 1187 511 1252 ἐν
524 1185 649 1273 Ἔρωτι,
672 1190 738 1250 Καί
755 1210 795 1267 με
817 1182 909 1248 πάλιν
929 1183 1024 1264 δήσας
1039 1181 1092 1251 cdv
1113 1182 1170 1250 σύν
1190 1183 1275 1266 ι’ύγεις
1293 1185 1409 1264 ἱκέτηντ

261 1291 262 1294 ’
285 1289 335 1350 ubi
359 1288 447 1369 plura
469 1289 507 1351 de
528 1289 640 1354 Bacolri
661 1309 725 1352 cunr
746 1286 862 1348 Amore
883 1291 1035 1353 consortio
1059 1290 1177 1370 proiert
1199 1287 1323 1348 Jacobs.
1346 1286 1407 1350 Cir.

287 1389 376 1454 Ouid.
397 1388 439 1450 A.
460 1387 500 1456 A.
523 1389 576 1472 lll,
602 1389 676 1452 766.
699 1392 731 1452 et
752 1389 831 1451 Ptin.
855 1387 929 1451 Sec.
953 1391 983 1451 in
1005 1389 1128 1452 Antlrol.
1150 1389 1218 1450 hat.
1241 1388 1267 1468 l,
1287 1389 1408 1451 XXlll:

286 1490 416 1554 Ardenti
435 1491 556 1556 Bacolro
580 1491 773 1556 succenditur
802 1492 885 1570 ignis
906 1491 1054 1564 Amoris3-
1084 1490 1159 1551 Nam
1190 1496 1260 1555 sunt
1284 1495 1408 1556 unanimi

286 1592 424 1659 Bacchus
447 1593 602 1677 Amorque
623 1595 708 1656 deus.

385 1717 418 1757 v.
440 1693 472 1759 3.
514 1697 632 1758 ίσισίοσ
657 1690 814 1775 Licentia]
847 1693 943 1755 Poeta
966 1693 1051 1755 deam
1075 1695 1149 1758 iecit
1167 1691 1280 1774 ὕβριν
1304 1693 1405 1757 Grac-

286 1815 405 1876 corum,
425 1815 485 1858 uon
506 1798 649 1877 princeps
671 1797 727 1857 sed
750 1798 823 1875 post
844 1793 1022 1858 Ciceronem
1043 1792 1093 1877 [v.
1116 1796 1151 1858 de
1172 1796 1275 1874 legg.
1296 1794 1402 1876 ll,17.

286 1896 346 1981 46)
369 1899 401 1960 et
419 1897 575 1960 tritissimo
599 1897 725 1976 uterque
758 1899 846 1959 vocis
877 1916 932 1958 usu
967 1896 1051 1977 „dni
1078 1896 1218 1981 ἐρωτικῆς
1238 1897 1406 1979 ἐπιθυμίας

286 1995 459 2064 ἀκολάστου
483 1994 605 2074 οὕσηςιι
627 2015 715 2080 quum
739 1997 821 2078 apud
841 1999 918 2062 alios
940 2001 999 2061 tum
1025 1999 1104 2080 apud
1129 1998 1325 2081 philosophos
1344 2002 1408 2064 So-

287 2103 430 2180 craticos,
453 2100 531 2162 Plat.
553 2097 682 2162 Phaedr.
702 2119 736 2178 p.
757 2098 834 2163 638.
857 2120 884 2163 a.
907 2098 981 2165 656.
1005 2118 1042 2180 o.,
1067 2099 1308 2181 Xenoplr.lllem.
1324 2104 1362 2184 ll,
1379 2103 1408 2184 l,

123 2228 130 2236 ·
222 2271 230 2276 ,
286 2199 339 2266 30.
360 2201 411 2262 ulti
433 2201 484 2283 qui
505 2200 612 2263 insano
635 2200 688 2261 illo
711 2202 804 2282 atque
826 2201 972 2265 effrenato
995 2201 1170 2280 cupiditatis
1191 2205 1332 2268 instinctu
1352 2205 1409 2266 alo-

287 2304 369 2386 repti
393 2319 428 2364 sa
451 2304 590 2383 corporis
614 2303 768 2383 voluptati
791 2301 906 2365 dedunt
927 2305 959 2366 et
978 2304 1008 2364 in
1031 2320 1174 2366 venerem
1197 2310 1305 2386 ruunt,
1325 2305 1412 2392 ὕβρει

287 2409 499 2485 προσομιλεῖν,
520 2402 652 2487 ὑβρίζειν
674 2406 811 2467 dicuutur
833 2420 994 2486 eorumque
1017 2407 1165 2469 amentiae
1185 2411 1279 2490 atquc
1301 2411 1411 2472 intem-

288 2508 448 2590 perantiae
477 2507 593 2570 sanitas
623 2507 710 2570 animi
741 2523 776 2567 ac
798 2503 965 2568 moderatio
994 2509 1166 2588 opponitur.
1214 2510 1325 2572 Verum
1345 2513 1420 2592 ipsa

288 2610 396 2688 verba,
427 2609 536 2689 quibus
559 2606 647 2689 ὕβριν
666 2607 747 2668 illam
769 2604 915 2670 describit
934 2607 1043 2688 Plato,
1065 2613 1217 2693 praestat,
1241 2616 1276 2676 ut
1296 2615 1416 2694 opinor,

290 2713 452 2776 subiicere.
496 2709 575 2773 Sunt
597 2710 695 2771 autern
719 2708 749 2770 in
770 2707 899 2770 Phaedri
921 2709 990 2773 loco
1012 2712 1114 2792 priore
1139 2713 1197 2777 lroc
1222 2715 1327 2778 modoa
1348 2713 1416 2781 Δό·

288 2820 341 2895 ξης
361 2817 419 2897 μὲν
442 2805 496 2877 οὖν
521 2810 573 2877 ἐπὶ
593 2805 628 2876 τύ
651 2805 780 2895 ἐύρισιον
801 2807 884 2897 λόγῳ
904 2807 1042 2894 ιῖγούσης
1071 2819 1124 2879 καέ
1153 2814 1342 2900 κρατούσης,
1372 2819 1418 2904 τῷ

288 2915 393 3003 κράτει
427 2910 667 2997 σωφροσύνη
705 2910 821 2997 ὄνομα·
856 2915 1027 2995 ἐπιθυμίας
1057 2919 1091 2980 δὲ
1121 2912 1239 3000 ἀλόγως
1270 2916 1420 2998 ἑλκούσης
1510 2967 1511 2985 ι

289 3019 342 3084 ἐπὶ
363 3013 473 3095 ἧδονοές
491 3022 546 3081 καὶ
567 3013 705 3099 οἷρξάσης
727 3015 760 3079 ἐν
781 3014 854 3096 ἡμῖν
873 3020 909 3104 τῇ
926 3012 1006 3106 οῗρχῇ
1020 3016 1136 3100 ὕβρις
1150 3017 1368 3102 ἐπωνομάσθη
1377 3019 1418 3106 ³).

289 3119 395 3196 ltaque
418 3134 507 3197 quum
536 3133 631 3194 saepe
656 3117 746 3177 Plato
770 3120 801 3178 et
822 3117 993 3196 Xenophon
1014 3120 1103 3179 istam
1125 3118 1329 3184 licentiam
1352 3143 1418 3185 ex-

190 3228 209 3244 ·
290 3217 475 3294 agitassent,
501 3215 582 3294 quod
602 3232 660 3274 nou
682 3215 809 3292 perinde
833 3217 871 3274 ab
898 3215 959 3274 ullo
982 3219 1076 3293 poeta
1098 3216 1205 3278 melico
1228 3219 1419 3288 Graecorum

290 3319 401 3379 iactum
425 3314 558 3391 memini,
590 3313 736 3374 Horatius
760 3313 787 3372 si
811 3313 882 3372 illos
906 3313 1038 3374 imitatus
1066 3318 1115 3375 est
1135 3315 1270 3377 fortasse
1287 3337 1323 3377 se
1345 3321 1417 3398 ipse

290 3411 506 3509 quodammodo
539 3413 637 3476 voluit
670 3415 825 3490 castigare
862 3409 1005 3491 „chartis
1038 3411 1208 3478 Socraticis
1242 3435 1321 3498 quae
1349 3438 1431 3484 rem.
1510 3425 1511 3434 ’

289 3517 395 3582 melius
416 3517 559 3596 poteraut
580 3511 741 3577 ostendere
750 3512 782 3571 “.

392 3639 426 3681 v.
445 3615 478 3680 ὅ.
522 3615 597 3700 urit]
632 3615 744 3680 ἐκκαίει
774 3609 828 3691 η’ὕέ
848 3616 1009 3695 μαραίνει,
1041 3615 1105 3677 vid.
1127 3617 1251 3681 Jacobs.
1280 3619 1319 3682 ad
1344 3620 1417 3684 An-

292 3723 364 3788 thol.
386 3722 439 3786 Gr.
460 3718 486 3799 l,
507 3717 580 3782 614.
602 3716 674 3797 XV,
695 3714 726 3780 3.
750 3717 787 3777 Β.

392 3844 425 3886 v.
449 3821 482 3885 6.
528 3821 681 3900 Glycerae
703 3822 785 3882 nitor
799 3819 993 3902 splendentia
1009 3821 1105 3882 Pario
1118 3840 1272 3883 murmure
1286 3823 1417 3907 purius]

291 3991 495 4009 m-

344 4103 376 4170 1)
393 4100 434 4155 lta
450 4097 500 4152 lon
517 4091 598 4148 Chius
614 4091 659 4146 Fr.
676 4096 701 4149 5.
722 4092 768 4146 ubi
786 4092 952 4148 Schneidew.
970 4112 996 4164 p.
1017 4083 1081 4150 12⁴8:
1108 4092 1344 4148 Commissationes
1369 4110 1418 4164 ap-

397 4184 481 4254 pellat
497 4184 619 4236 iuuenum
636 4180 701 4232 uino
722 4178 868 4232 calidorum
886 4194 1077 4250 marsorumque
1097 4179 1125 4232 in
1136 4191 1251 4234 amores.
1275 4176 1419 4248 Πρίπσίσι

397 4266 506 4336 ἐρείπων
522 4269 563 4319 esi
580 4265 626 4333 qui
645 4264 743 4317 excitat
760 4277 876 4317 amores.

343 4352 376 4418 a)
392 4349 500 4404 Rufinus
520 4351 547 4402 in
565 4348 671 4403 Anthol.
696 4345 741 4402 Gr.
762 4347 796 4413 ll,
817 4351 876 4406 295.
896 4347 940 4401 Br.

344 4454 370 4518 a)
388 4447 414 4502 lr.
432 4463 461 4502 e.
474 4447 535 4502 inuio
553 4449 666 4516 irnperio
687 4461 784 4504 nomen
800 4441 877 4517 ὕβρις
895 4449 1047 4516 imponitur.
1079 4445 1262 4503 lleindori.
