3046 5214
394 505 498 592 ‘Papo
519 505 580 588 γάρ
602 530 638 571 σε
658 502 760 589 βαλών
784 507 816 583 λς
836 504 1000 591 Τάρταρον
1023 503 1165 588 ιῖερόειτα
1187 513 1250 570 κτλ

296 615 329 674 et
350 607 464 673 arridet
484 609 621 688 „iocoso
642 611 685 674 itti
710 614 791 676 iurto
804 610 826 647 “
856 631 904 674 vr.
927 607 1007 676 281ι

397 703 462 774 Τδν
484 706 642 778 δ’ἇπαλδν
664 712 796 796 γελάσας
817 713 957 794 προςέφγ
977 708 1122 792 ἑκάεργος
1142 707 1299 776 Ἀπόλλων

297 818 329 878 et
350 814 479 895 denique
500 813 530 878 in
550 813 628 879 traeo
652 817 747 877 verba
769 816 937 897 prorumpit
959 833 1010 876 rs.
1034 813 1118 878 5142

301 973 303 982 ,
400 920 518 995 Δείδια,
539 914 686 988 Μαιάδος
708 916 766 994 τιδέ,
779 913 942 997 διάκτορε,
962 919 1175 998 ποικιλομῆτα,

397 1014 455 1094 Mp'
477 1041 532 1096 μοι
550 1016 614 1096 ἅμα
635 1020 750 1106 κλέψῃς
773 1023 901 1099 κίθαριν
919 1022 970 1081 καὶ
991 1015 1138 1098 καμπύλα
1159 1013 1244 1089 τόξα.

295 1119 380 1184 Unde
402 1121 516 1181 rectius
541 1137 629 1199 quam
650 1118 846 1200 Wagnerus,
878 1122 928 1202 qui
952 1119 1072 1186 Aioaeo
1098 1122 1167 1182 sive
1189 1119 1335 1196 ignorato
1358 1120 1424 1182 sive

289 1222 440 1306 xneglecto
463 1238 505 1280 ex
526 1218 580 1280 ilio
606 1218 717 1299 hymno
740 1223 903 1286 Homerioo
932 1223 1009 1285 huno
1031 1221 1129 1284 tooum
1153 1237 1334 1298 expressum
1357 1239 1424 1283 esse
1477 1216 1478 1268 i

295 1324 436 1400 oonieuit,
458 1319 666 1384 bonfortasse
687 1327 853 1405 suspiceris
870 1328 938 1407 ipsa
955 1324 1143 1405 exemplaria
1158 1323 1276 1388 Graeca
1291 1327 1424 1388 arctiore

295 1424 422 1506 quodam
454 1409 653 1502 cognationis¹
676 1427 798 1490 vineuio
831 1431 909 1492 inter
939 1447 974 1490 so
1002 1443 1140 1490 connexa
1170 1428 1202 1488 et
1234 1429 1307 1506 apta
1344 1444 1423 1490 esse.
1479 1492 1480 1504 p

294 1527 370 1588 Ham
399 1543 475 1608 quae
503 1526 621 1608 quidem
644 1529 672 1588 iu
695 1527 829 1592 Sohotiis
853 1531 891 1594 ad
915 1531 999 1594 inan
1021 1527 1077 1590 IX.
1104 1548 1155 1591 rs.
1179 1527 1256 1592 256.
1280 1529 1423 1610 adnotata

294 1632 376 1709 sunt,
396 1627 553 1709 ita.piane
574 1648 639 1692 oum
665 1629 839 1696 Horatianis
863 1634 1067 1708 eonveniunt,
1088 1634 1122 1693 nt
1147 1649 1203 1691 sno
1223 1631 1288 1692 iure
1311 1633 1420 1693 videa·

292 1735 342 1797 tur
364 1732 462 1795 Haim.
485 1731 714 1813 Peerlkampins
747 1734 911 1814 statuisse,
944 1734 1067 1796 Homeri
1089 1731 1283 1797 Scholiasten
1304 1751 1359 1796 sua
1378 1750 1416 1792 ex

293 1834 404 1916 hymno
432 1833 578 1898 Aloaei
604 1831 755 1896 hausisse.
800 1834 880 1898 Sunt
906 1841 1006 1900 autem
1033 1835 1127 1898 haee:
1160 1831 1273 1916 Ἑρμῆς
1302 1832 1320 1898 δ
1350 1827 1419 1906 Διδς

293 1941 346 2002 καὶ
364 1939 473 2009 Μαίας
489 1939 543 2012 τῆς
556 1931 728 2009 ’Ἀτλαντος
750 1927 820 2017 εὗρε
838 1934 946 2021 λα’ραν,
971 1944 1023 2002 καὶ
1044 1934 1119 2012 τοδς
1132 1933 1328 2011 ’Λπόλλωνος
1347 1933 1423 2019 βόας

293 2039 427 2120 κλέψας,
451 2034 567 2115 εὑρέθη
597 2030 657 2115 διεδ
687 2041 743 2102 τοῦ
763 2043 843 2106 θεοῦ
865 2034 915 2104 διδ
939 2045 993 2117 τῆς
1014 2044 1168 2122 μαντικῆς.
1203 2035 1425 2120 ἅπειλονμένοο

294 2145 328 2204 δὲ
349 2142 405 2202 τοῦ
422 2133 636 2215 Ἀπόλλωνος,
670 2137 797 2225 ἔκλεψεν
816 2141 913 2207 αὐτοῦ
934 2147 987 2204 καὶ
1011 2136 1048 2205 ιδ
1070 2142 1123 2206 ἐπὶ
1146 2145 1206 2204 τῶν
1227 2139 1319 2223 α’δμων
1337 2139 1427 2215 τόξα.
1484 2184 1485 2210 r

293 2235 454 2322 μειδιάσας
476 2235 547 2302 δὲὸ
571 2234 654 2317 θεὸς,
677 2240 788 2307 ἔδωκεν
811 2241 897 2330 αὐτῷ
916 2237 972 2319 τήν
993 2238 1142 2324 μανεικδν
1162 2240 1290 2325 ῥάβδον,
1309 2241 1370 2326 dp’
1391 2234 1426 2306 οδ
1484 2223 1485 2242 ¹

295 2348 349 2410 καὶ
370 2337 586 2426 χρυσόρραπις
609 2340 626 2406 ὁ
646 2343 755 2423 Ἑρμῆς
779 2341 1030 2427 προσηγορεύθη.

398 2465 431 2506 v.
457 2442 606 2509 13-16.
652 2446 735 2523 Quin
756 2455 791 2508 et
810 2448 943 2506 Atridas
965 2442 1039 2526 oet]
1062 2443 1137 2504 Rem
1160 2449 1262 2506 narrat
1277 2445 1426 2508 Home·

296 2568 364 2612 rus
384 2548 421 2611 11.
443 2545 561 2627 xxiv,
584 2544 649 2612 336
673 2565 753 2628 sqq„
774 2548 823 2607 ubi
846 2545 1017 2606 Mercurius
1038 2544 1095 2606 hoo
1117 2546 1215 2623 ipsum
1236 2543 1321 2604 lovis
1345 2564 1430 2606 ver·
1486 2553 1487 2562 ’

294 2655 342 2716 bis
362 2649 499 2714 iubetur:
1245 2701 1247 2706 .

399 2745 501 2814 Boiurr'
522 2748 574 2813 ier
594 2749 647 2809 καὶ
668 2752 815 2826 Πρίαμον
838 2749 943 2818 κοίλας
962 2743 1015 2808 ἐπὶ
1034 2745 1110 2819 νῆας
1130 2740 1264 2822 ’Λχαιιῖιν

395 2849 436 2928 ὣς
457 2847 564 2936 ἄγαγ’,
585 2843 626 2923 ιδς
647 2845 715 2929 μήτ’
736 2845 773 2912 ἄν
791 2873 838 2923 τις
860 2848 908 2936 Hip
930 2841 999 2929 μήτ’
1021 2843 1059 2910 ἄν
1079 2869 1112 2909 τε
1133 2842 1228 2931 νοήσῃ
1291 2844 1295 2850 ’

394 2961 454 3021 τῶν
479 2953 578 3021 ἄλλων
599 2959 731 3021 Δαναῶν
750 2962 826 3035 πρὶν
849 2947 1040 3030 Πηλείωνοὶδ
1061 2946 1199 3017 ἱκέσθαι,

295 3059 403 3123 deinde
434 3058 632 3136 „divitem
655 3057 832 3119 Ριίειιιιιοι(6
861 3053 1033 3135 -utqui
1056 3071 1142 3132 quum
1167 3049 1227 3110 alia
1248 3047 1325 3108 dona
1348 3062 1426 3124 pre-

295 3162 375 3223 tiosa
395 3161 456 3220 tum
480 3161 544 3220 auri
565 3163 630 3222 tota
655 3158 759 3221 decom
783 3157 899 3222 talenta
923 3161 987 3231 (us.
1005 3150 1086 3229 232)
1110 3154 1198 3212 domo
1220 3167 1320 3210 secum
1342 3165 1426 3208 ave-

295 3263 396 3324 xisset
417 3293 452 3302 —
480 3277 537 3338 per
558 3263 676 3340 sopitos
700 3260 813 3337 vigiles
837 3258 1021 3327 Graecorum
1041 3250 1217 3311 ineolumem
1239 3250 1277 3310 ad
1294 3247 1425 3316 Achillis

296 3360 520 3429 tabernaculum
545 3361 685 3441 perducit
703 3360 832 3438 indeque
853 3355 983 3416 reducit.
1013 3353 1056 3392 ..·.
1102 3352 1236 3412 Atridas
1257 3347 1423 3433 superbos]

294 3461 516 3549 μεγαλήτορας,
545 3458 749 3545 μεγαθύμους
772 3457 916 3518 Homero.
938 3487 978 3498 —
998 3450 1130 3534 fefellit]
1151 3451 1281 3533 ἔλαθεν,
1303 3453 1390 3515 Hom.
1401 3451 1423 3512 1.

296 3589 324 3631 o.
341 3565 416 3633 563.
461 3567 546 3629 Haeo
567 3565 663 3628 omnia
684 3563 726 3620 ita
749 3557 909 3618 manifesta
932 3556 965 3644 et
986 3556 1198 3634 apertasnnt,
1216 3558 1250 3618 ut
1264 3573 1319 3634 pro
1335 3557 1421 3617 certo

295 3671 388 3734 lineat
410 3670 557 3736 affirmare
580 3669 673 3730 totum
697 3661 795 3722 looum
818 3674 860 3716 ex
881 3655 1012 3716 Homero
1037 3655 1241 3720 adumbratum
1266 3674 1349 3719 esse.

399 3791 433 3834 v.
459 3771 507 3834 17.
556 3767 604 3830 Tu
618 3766 693 3846 pias
713 3760 805 3822 lautia
824 3760 947 3822 animm
969 3762 1093 3843 reponio
1114 3757 1263 3840 sedibus]
1306 3757 1423 3838 utpote

295 3868 524 3959 ψυχοπομπός,
552 3869 603 3948 qui
628 3863 705 3924 idem
733 3854 884 3938 εἰρηνικός
908 3865 974 3941 est,
1007 3861 1145 3923 sollemni
1174 3863 1298 3924 nomino
1311 3857 1422 3944 Ἑρμῆς

295 3969 471 4058 χθόνιος
489 3972 689 4052 nuncupatur,
713 3960 862 4041 sosonyi.
887 3961 944 4028 ui.
974 3964 1003 4027 l.
1028 3963 1153 4028 124.1).
1175 3961 1273 4043 Soph.
1288 3961 1421 4027 111111.

296 4080 348 4142 Ai.
369 4075 445 4143 832.
466 4073 572 4154 Hurip.
596 4069 665 4132 Alc.
687 4064 762 4130 743.
790 4065 871 4128 aiibi.
920 4066 974 4130 Sia
995 4066 1079 4128 Aiax
1111 4067 1204 4128 vitam
1227 4065 1421 4145 depositurus

296 4180 449 4262 supplicat
472 4176 651 4258 „stopaulus
669 4165 763 4257 Ἑρμῇ
783 4168 945 4253 χθονίῳίι,
970 4174 1002 4233 et
1019 4171 1054 4230 ut
1075 4168 1205 4248 quietem
1226 4167 1284 4228 sihi
1303 4183 1420 4247 prope·

296 4285 344 4344 ret
367 4285 471 4359 rogat.
504 4276 573 4343 Vin.
598 4273 763 4340 hubent.
789 4273 826 4335 ad
850 4272 931 4332 iilum
953 4271 975 4330 1.
1000 4272 1032 4330 et
1051 4270 1105 4330 cir.
1130 4268 1170 4332 ad
1191 4267 1227 4332 C.
1248 4267 1274 4349 1,
1298 4268 1329 4348 2,
1348 4267 1401 4332 41.

401 4402 433 4445 ν.
457 4381 506 4448 18.
524 4399 595 4463 seq.
624 4381 760 4454 uirga
784 4391 904 4435 aurea
931 4376 980 4432 est
999 4364 1126 4450 μαντικδ
1151 4365 1300 4455 ῥάβδος
1320 4393 1418 4454 γρα-
