3072 5180
1215 339 1259 404 5⁷

124 533 212 614 quael
231 531 421 612 increparet.
464 525 543 608 Quiri
569 527 651 610 quoi
673 518 894 607 Archilochus,
924 523 1044 592 lio'retll
1070 525 1253 609 exemplum,

124 637 192 716 ipso
221 650 342 715 quoque
373 647 496 692 vorsum
518 647 602 690 suum
615 623 805 710 ’Ήμβλαιον
826 635 890 696 κτλ.
913 647 955 694 ex
977 631 1083 696 eoiom
1106 628 1251 709 Honore,

123 734 158 796 ll.
180 733 237 813 lX,
255 730 325 796 ''116
346 736 378 795 ot
398 731 487 810 XIX,
512 729 555 796 91
575 748 656 812 sqq,
677 723 890 794 conflaverat?

226 857 260 897 v.
285 832 337 896 27.
361 835 530 898 recantatis
550 834 722 914 opproorso
740 855 783 888 =
801 828 1049 917 παλινῳδῆσανιι
1068 825 1106 895 rol
1127 826 1254 916 αίιχρδ,

123 939 317 1022 παλινῳδίαν
339 931 457 1021 ᾄσαντα

542 1175 674 1256 curm.
708 1175 741 1272 i,
779 1176 836 1255 ii.

226 1325 522 1417 „Quandoquidem
546 1334 640 1417 iuquit
662 1335 826 1415 Horatius,
849 1335 889 1398 iii
913 1333 1060 1415 pietatem
1081 1349 1176 1396 meam
1197 1351 1253 1396 ro-

125 1435 258 1516 spiciunt
279 1437 311 1498 ot
332 1435 490 1497 Faunus
512 1436 663 1518 inprimis,
694 1435 997 1502 Morouriailum
1021 1439 1159 1500 custus
1182 1437 1252 1499 vi-

127 1555 253 1599 rorum
273 1534 329 1620 (0.
351 1535 391 1617 ll,
415 1535 569 1618 17‚28),
595 1540 739 1603 Sabinum
768 1557 863 1603 meum
887 1538 961 1602 eollt
983 1537 1162 1620 diligitque:
1193 1537 1251 1601 line

126 1639 251 1719 venias,
276 1657 448 1721 proeor,o
471 1641 621 1721 Tyndari,
642 1644 676 1706 ut
697 1644 729 1705 et
750 1643 828 1705 ruris
849 1641 1012 1705 honoribus
1031 1640 1199 1720 pertruaris
1221 1643 1254 1704 ot

124 1740 181 1804 luae
202 1743 304 1804 umlna
330 1761 367 1805 ae
391 1742 449 1804 fide
472 1730 720 1807 'Peia'rocreoris
743 1747 775 1806 et
794 1743 902 1806 modici
920 1758 1043 1803 munera
1062 1740 1163 1803 Liberi
1185 1739 1253 1801 Vo-

124 1844 266 1924 norloque
294 1843 471 1905 felicitatem
501 1846 598 1904 tecum
626 1843 840 1905 concordantis
867 1839 1067 1920 percipias.“
1117 1839 1152 1898 ln
1184 1840 1254 1902 talls

124 1945 297 2022 argumenti
317 1943 447 2006 carmine
470 1943 497 2002 sl
520 1942 668 2003 Graecum
690 1941 844 2004 Horatius.
856 1942 990 2004 imitatus
1016 1941 1065 2000 est
1085 1939 1254 2022 exemplar,

125 2047 212 2109 oerte
230 2061 289 2104 uon
303 2041 473 2105 Stesichori
494 2041 561 2120 fuit,
583 2058 624 2102 ox
646 2040 732 2104 culus
746 2041 881 2124 reliquiis
900 2045 1025 2123 praeter
1040 2055 1146 2102 nomeu
1162 2041 1255 2121 puel·

125 2148 176 2210 lae
206 2180 246 2190 -
277 2145 315 2207 do
339 2163 398 2226 quo
430 2143 502 2204 vlle
533 2143 610 2205 llxo.
634 2143 674 2204 ll.
698 2177 740 2188 -
761 2161 799 2206 ue
827 2143 924 2206 simile
953 2143 1069 2226 quidem
1096 2145 1256 2226 quicquam

127 2249 228 2312 afferri
245 2248 349 2329 potest
362 2239 553 2307 nee'allatum
567 2248 617 2306 ost
630 2264 648 2306 a
663 2245 822 2308 veteribus
837 2247 1021 2311 Scholiastis
1032 2243 1081 2328 ll:
1102 2247 1158 2310 sed
1173 2245 1254 2312 haul

128 2353 193 2412 selo
217 2368 254 2412 an
278 2349 442 2413 Pindari
472 2349 519 2410 sui
543 2349 717 2412 meminerit.
770 2349 856 2414 Hune
889 2349 965 2412 euim
987 2349 1109 2410 constat
1131 2351 1164 2412 et
1186 2349 1252 2414 Pa·

126 2469 182 2514 ros
204 2455 334 2515 statuam
363 2470 430 2514 num
454 2469 509 2512 ara
537 2451 633 2532 ipsius
666 2453 699 2514 et
729 2450 845 2516 saoollo
880 2451 1017 2530 Magnae
1042 2449 1170 2532 Matris,
1205 2455 1257 2515 eui*

125 2571 213 2616 sacra
237 2554 349 2616 Panos.
363 2553 506 2617 adiuncta
530 2556 634 2636 eraut,
661 2553 700 2614 ad
729 2555 813 2617 loros
838 2556 956 2618 aeolium
984 2572 1110 2630 suarum¹
1126 2554 1253 2618 dodica-

125 2657 210 2717 vlsse
233 2658 266 2718 et
284 2674 350 2717 oum
372 2657 458 2719 deum
479 2673 698 2739 usquequaque
721 2657 749 2718 iu
777 2658 943 2737 praecipuo
973 2655 1089 2716 honore
1109 2653 1253 2718 habuisse

126 2760 159 2820 et
179 2756 318 2836 hymnum
341 2759 431 2820 etiam
452 2757 482 2817 in
505 2774 572 2818 eum
594 2759 815 2837 composuisse,
838 2741 923 2820 euius
939 2757 1115 2820 hwoeoxstat
1130 2757 1253 2833 initium,

125 2860 236 2934 fragm.
259 2853 315 2918 63.
337 2857 390 2917 la:

160 2954 206 3018 Ὠ
232 2947 508 3033 ariomanitae
529 2954 645 3032 μεδέων
667 2958 857 3035 satrapenis
880 2951 1001 3019 ἀδύτων
1021 2951 1131 3036 φύλαξ,
1352 3037 1356 3044 f

171 3046 306 3138 Ματρδς
326 3049 460 3134 μεγάλας
482 3048 589 3134 enuit,
609 3053 762 3134 σεμνᾶν
783 3059 970 3140 Χαρίτων
989 3059 1145 3140 μέλημα
1168 3079 1254 3142 τερ-

990 3154 1098 3225 πνόν.
1119 3155 1151 3243 ²)

181 3390 211 3458 1)
229 3387 302 3440 Haeo
327 3387 422 3438 eontra
449 3382 601 3438 Sivrium
625 3383 737 3438 dicenda
762 3391 854 3451 orant,
882 3390 929 3455 qui
958 3405 972 3443 o
992 3390 1142 3447 Stesichori
1161 3395 1253 3467 aliquo

232 3473 349 3526 earmina
367 3467 418 3522 hoe
436 3471 533 3523 Latino
553 3483 660 3522 vorsum
678 3483 737 3530 erse
756 3471 947 3548 euntemdissat.
1291 3521 1294 3524 .

181 3573 213 3642 2)
230 3571 314 3626 Vita
332 3566 480 3620 Pindari
499 3583 525 3635 p.
541 3571 573 3624 9:
590 3563 622 3620 ‘0
639 3565 705 3636 γοῦν
721 3565 784 3620 Hele
802 3563 817 3620 ὅ
834 3569 901 3626 θεὸς
917 3567 1002 3640 ὤφθη
1016 3575 1119 3640 parabol
1135 3577 1186 3632 τοί
1202 3581 1255 3633 Ka.
1293 3599 1296 3604 ·

188 3706 195 3717 ,
233 3649 435 3721 &uapulauerant
451 3649 499 3702 τοῦ
513 3647 657 3706 Ἑλικῶνος
675 3647 750 3717 ᾄδων
766 3649 873 3705 παιᾶνα
880 3651 1037 3724 Πινδάρου·
1056 3654 1100 3710 διδ
1116 3659 1164 3713 καί
1181 3653 1257 3730 ᾆσμα

154 3777 166 3793 .
232 3737 359 3804 ἐποίησιν
377 3729 413 3789 εἷς
429 3731 478 3785 τὸν
495 3732 573 3799 θεὸν,
599 3733 629 3786 ίν
652 3725 770 3803 ᾧχάριν
792 3730 921 3814 δμολογιῗ
941 3738 988 3806 τῆς
1010 3739 1091 3808 τιμῆς
1116 3740 1203 3813 αὐτῷ,
1226 3747 1266 3802 αὖ·

232 3816 352 3890 ἦδρχή·
371 3809 409 3870 Ὠ
425 3815 489 3868 Hele
509 3811 658 3886 Ἀρκαδίας
674 3813 778 3886 μεδέων
804 3817 862 3874 κτλ.
900 3817 977 3896 Quod
999 3822 1079 3890 peiles
1102 3831 1258 3896 παρθένιον

234 3903 287 3957 iuit
303 3917 319 3956 a
336 3899 488 3970 virginibus
507 3897 660 3966 Thebanis,
687 3899 776 3954 Panos
794 3904 898 3972 signum
918 3905 996 3974 quum
1015 3921 1032 3959 ι
1051 3905 1168 3966 Pindaro
1193 3927 1257 3967 cun-

131 3979 138 3993 '
202 4037 207 4046 ,
234 3992 389 4041 sacraretur
413 3985 457 4040 vel
475 3988 564 4040 statim
584 3991 645 4056 post
661 3993 854 4040 4ιιιιιιιωιῐιιιιι
873 3987 919 4042 ubi
939 4005 1018 4044 sacra
1037 3993 1076 4046 ihi
1095 3995 1167 4048 laeta
1186 4003 1256 4062 sunt,

196 4121 200 4132 ,
234 4077 377 4128 cantatum.
411 4069 450 4126 Ae
471 4069 610 4125 tibicinum
635 4068 747 4124 Pindari
766 4072 893 4128 familiam
916 4073 1014 4140 luisse,
1042 4073 1132 4130 Panos
1150 4085 1177 4132 et
1194 4077 1256 4132 Ma-

192 4227 195 4234 Ι
233 4170 305 4232 gnae
321 4153 420 4209 Matris
440 4153 522 4208 eultui
540 4155 583 4208 rol
600 4157 701 4224 patrito
720 4161 801 4239 atque
820 4160 893 4211 auito
914 4173 989 4212 more
1007 4158 1149 4227 addietum,
1170 4169 1195 4216 ei
1209 4163 1257 4218 ho-

138 4312 141 4318 .
235 4241 365 4296 reditario
390 4243 448 4294 iuro
476 4241 602 4293 musicam
628 4239 755 4292 tibiarum
783 4247 867 4294 artem
900 4245 928 4294 in
958 4242 1067 4301 iliorum
1091 4248 1258 4316 potissimum

161 4327 163 4332 '
234 4327 367 4379 numinum
392 4325 567 4379 sollemnibus
592 4327 762 4389 exercuisse,
785 4325 884 4394 prohat
908 4323 1058 4381 Beeelhius
1081 4325 1157 4400 Expl.
1182 4329 1258 4388 Pind.

236 4427 261 4479 p.
277 4415 312 4470 16
327 4415 422 4469 otoee.
444 4409 499 4465 Cir.
520 4413 599 4466 etiam
617 4410 753 4479 Antipatri
771 4410 856 4464 loeum
877 4409 949 4463 inira
968 4409 1002 4474 au
1018 4414 1258 4470 ue.10.laudaium.

998 4495 1051 4558 6*
