3046 5224
1196 365 1240 432 itt

109 542 211 620 adt).
239 554 270 630 1,
306 547 427 632 1,3]‚
464 547 511 610 cui
542 545 704 626 opponitur
734 545 810 606 inira
844 542 945 607 allus
982 544 1151 628 aliquis,
1185 555 1237 633 qui

107 661 253 741 plurimus
271 656 330 717 crit
351 654 381 714 in
400 650 520 713 lunonis
543 647 702 726 honorem,
727 649 759 710 et
784 665 854 708 mox
876 663 947 725 me,
973 649 1129 712 menalion
1149 654 1239 720 nait·

105 765 201 842 parat
223 760 261 822 ad
285 775 371 818 titium
395 753 520 816 omnium
545 749 745 813 difficillimum
770 747 886 811 locumz

213 895 245 939 v.
267 873 288 936 7
309 890 378 954 sqq.
419 871 562 951 Undique
583 869 763 950 decerptam
780 869 883 949 fronti
897 886 1096 948 praeponere
1115 873 1237 935 otteom.

469 971 627 1033 Plurimus
647 974 681 1031 in
703 969 833 1030 teutonia
855 967 1001 1029 honorem

407 1075 528 1156 Aptum
549 1073 632 1135 dicet
655 1075 742 1155 equis
769 1072 875 1152 Argoa
895 1070 1036 1152 ditesque
1059 1070 1239 1160 Mycenae]

112 1183 210 1264 Quom
243 1177 442 1257 Interpretum
480 1193 572 1238 curae
609 1192 655 1236 me
688 1173 806 1235 omnino
836 1171 896 1232 nori
924 1173 1071 1251 tangant,
1104 1177 1161 1238 nisi
1190 1179 1240 1245 olii

111 1282 280 1350 Graecismi
310 1281 388 1342 ratio
419 1276 558 1339 habenda
587 1278 644 1356 sit,
683 1273 731 1337 nte
759 1273 829 1336 milri
856 1275 933 1336 soils
961 1275 1019 1336 erit
1047 1275 1181 1359 dixisse,
1210 1283 1241 1344 id

111 1385 196 1468 quod
224 1383 438 1462 gravissimum
470 1385 534 1460 est,
572 1397 628 1441 eos
655 1376 743 1439 nobie
774 1377 900 1437 nondum
935 1379 1147 1461 persuasisse,
1182 1382 1242 1448 hoe

111 1501 366 1568 praeponere
392 1484 515 1545 tronti
546 1482 694 1544 clivam
724 1495 779 1558 pro
807 1495 862 1557 eo,
886 1479 1032 1560 quodest
1054 1487 1242 1570 „praeelegi

114 1605 227 1650 corono
255 1584 467 1664 oleaginea“‚
506 1588 538 1646 et
573 1584 666 1645 niolio
697 1582 791 1668 miuus
819 1580 893 1642 illud
921 1581 1112 1661 plurimus
1147 1586 1243 1654 dicii

111 1708 170 1771 pro
192 1709 247 1767 eo,
277 1689 355 1770 quod
380 1690 430 1750 est
460 1686 609 1768 „plurimi
636 1683 785 1761 dicunt“,
816 1682 924 1746 Latine
953 1685 1063 1748 dietum
1091 1704 1164 1750 esse
1191 1695 1244 1756 aut

113 1793 254 1874 potuisse
278 1786 386 1871 eicit).
431 1787 514 1870 Quae
538 1807 625 1871 quum
648 1785 789 1863 itasint,
816 1803 904 1866 quum
927 1787 955 1848 in
977 1805 1024 1848 rs.
1039 1784 1071 1847 7.
1092 1787 1167 1853 haec
1184 1809 1243 1857 una

114 1897 181 1956 iere
206 1895 288 1972 optio
313 1892 419 1967 detur,
447 1891 544 1951 uirum
564 1890 673 1968 Magni
695 1887 872 1950 Bentleii
896 1888 1065 1969 explicatio
1097 1909 1244 1970 „ex·ar-
1287 1971 1289 1976 λ

120 1997 265 2073 gemente
297 1993 485 2071 undiquaque
519 1990 668 2054 exhausto
700 2006 842 2054 coronam
875 1990 932 2052 sibl
966 1993 1115 2071 poeticam
1147 2013 1245 2076 quae-

117 2115 188 2160 rere
200 2095 221 2132 “
257 2092 482 2173 amplectenda,
516 2111 553 2153 an
588 2097 689 2174 potius
725 2113 790 2156 eum
827 2088 955 2152 Gadeir.
988 2091 1244 2180 Bernhardy-o

117 2202 160 2261 sit
188 2195 464 2274 interpretandum:
503 2193 625 2255 Omnem
660 2196 776 2274 copiam
808 2191 974 2254 ianuarum
1006 2195 1044 2257 de
1074 2198 1159 2261 oliva
1193 2201 1245 2266 illa

118 2320 175 2382 per
202 2299 372 2361 Minervam
401 2300 521 2376 creata,
554 2314 629 2377 quas
659 2294 747 2358 uelut
770 2294 915 2357 flosculos
939 2298 1082 2375 quosdam
1106 2305 1245 2381 poeticos

118 2404 248 2486 undique
271 2401 504 2478 decerpserunt,
534 2399 634 2460 statim
664 2397 702 2458 ab
732 2397 816 2459 initio
847 2400 982 2460 carminis
1014 2406 1154 2481 perpetui
1184 2409 1245 2487 pe-¹

117 2501 249 2585 nunt²Jr
279 2499 366 2563 huius
393 2501 565 2563 sententiae
584 2499 732 2562 accedere
755 2517 793 2562 ec
814 2501 909 2562 minus
937 2501 1057 2581 debito,
1086 2506 1182 2588 quod,
1213 2513 1248 2574 ot

119 2675 318 2690 -.-..-....

169 2796 199 2866 1)
223 2792 335 2848 Praeter
349 2795 467 2844 'ceteros
494 2787 629 2843 liebertus
644 2785 813 2857 lingerus
836 2786 876 2842 De
899 2787 992 2859 Valgii
1016 2789 1130 2848 Poemnn.
1149 2812 1176 2864 p.
1195 2801 1249 2856 362

221 2895 297 2950 seqq.
320 2875 415 2928 multus
436 2878 477 2926 est
500 2875 529 2926 in
556 2873 599 2926 his
623 2873 747 2928 versibus
771 2872 887 2942 undique
912 2873 1117 2942 collustrandis,
1142 2879 1190 2932 sed
1213 2897 1247 2936 ne

222 2964 381 3032 longissima
411 2957 517 3028 quidem
543 2958 771 3012 demonstratione
803 2971 836 3010 ea
860 2971 929 3026 quae
956 2957 1011 3010 dixi
1036 2957 1099 3010 mihi
1130 2960 1247 3028 probare

224 3049 327 3114 potuit,
350 3057 507 3114 quamquam
526 3044 593 3094 mira
612 3043 736 3095 doctrina
753 3055 817 3094 usus
835 3037 893 3094 lere
912 3043 1002 3094 omnia
1021 3057 1078 3096 oum
1099 3045 1247 3112 pulvisculo

132 3149 135 3154 ·
226 3127 354 3182 exhausit.
390 3126 500 3180 Prolert
524 3127 628 3198 quidem
653 3143 685 3182 er
705 3125 784 3184 0rid.
808 3125 840 3180 de
857 3127 889 3182 A.
908 3126 938 3181 A.
958 3126 1005 3180 lib.
1026 3126 1052 3192 1,
1070 3131 1131 3185 ret.
1149 3129 1246 3198 locum.

226 3213 272 3268 ubi
288 3214 411 3278 scripturn
431 3213 467 3264 sit
490 3213 518 3262 in
541 3210 613 3264 libre
645 3209 783 3265 Palatino:
817 3227 892 3278 „neo
915 3219 993 3282 turpe
1017 3215 1120 3282 potaris
1145 3212 1247 3270 Pallio·

215 3298 277 3368 'lum
303 3295 395 3351 nitidis
420 3299 638 3364 praeposuisse
658 3300 782 3350 comis“:
809 3295 856 3350 sed
878 3312 1024 3352 consensus
1048 3297 1131 3354 codo.
1149 3300 1187 3354 ibi
1205 3303 1246 3356 el-

223 3388 307 3436 teram
339 3383 479 3434 lectionem
510 3381 682 3449 imposuisse
706 3387 812 3448 tuetur,
845 3387 871 3436 et
894 3397 1024 3453 nusquam
1048 3384 1134 3437 simile
1159 3401 1247 3440 exem-

223 3467 294 3535 plum
313 3473 400 3520 exstat
416 3482 466 3520 nec
483 3468 510 3518 in
532 3465 678 3520 Latinitate
700 3482 764 3532 nec,
789 3473 818 3520 ut
838 3483 897 3520 mox
920 3468 1082 3532 videbimus,
1109 3471 1137 3522 in
1162 3467 1248 3524 Grae·

223 3553 313 3605 citate.
352 3549 428 3610 Quod
446 3565 511 3604 vero
529 3550 596 3604 illud
622 3541 828 3621 „plurimus
844 3549 957 3604 dicit“
985 3568 1035 3620 pro
1055 3553 1187 3621 „plurimi
1207 3555 1247 3610 dt-

225 3637 312 3688 ount“
339 3635 418 3689 nobis
442 3634 559 3704 probare
589 3642 700 3689 cenatas
726 3643 782 3701 est,
809 3637 837 3687 in
861 3649 895 3688 ea
919 3649 948 3688 re
972 3649 1084 3703 prorsus
1109 3642 1137 3690 et
1161 3637 1247 3694 oleum

225 3725 252 3774 et
276 3734 385 3788 operam
415 3719 546 3788 perdidit,
578 3723 704 3790 quoniam
734 3720 762 3774 id
786 3733 872 3788 genus
897 3719 1017 3787 exempla
1044 3735 1077 3774 eo
1105 3721 1247 3780 reserenda

225 3807 301 3867 sunt,
331 3819 382 3874 quc
403 3805 476 3857 inira
494 3803 688 3858 revocabimus.

170 3933 203 4000 2)
225 3931 361 4002 Siquidem
394 3935 450 3986 eius
476 3932 680 4000 explicationem
707 3931 792 4000 probe
818 3932 947 3988 intellexi.
989 3930 1030 3986 lta
1055 3935 1125 3988 enim
1148 3933 1195 3988 ille
1218 3937 1248 3988 in

224 4031 339 4070 censura
367 4016 502 4069 editionis
518 4014 689 4070 Oreliianae:
722 4015 800 4070 Dicse
823 4010 991 4086 Anllassung=
1015 4015 1097 4072 findet
1121 4016 1176 4070 sicli
1201 4020 1248 4070 mit

224 4099 350 4156 Gesner’s
370 4100 545 4170 einslohtiger
562 4099 654 4154 Kritik
673 4101 741 4155 iiber
760 4103 802 4154 dle
815 4101 989 4171 Bentleysche
1005 4099 1074 4154 Note
1091 4097 1165 4152 nielrt
1182 4115 1246 4154 scn-

224 4182 325 4238 derlich
351 4183 400 4249 ab,
427 4184 495 4238 auctr
520 4185 673 4254 aligesehen
696 4185 825 4240 vendent
845 4180 1179 4254 verkinsteltenundique
1199 4185 1246 4240 de-

176 4271 177 4274 ’
224 4275 356 4338 eerptam:
384 4267 512 4324 wihrend
533 4272 567 4322 im
586 4265 898 4340 Zusammenlrange‘dea
917 4267 1025 4322 (ianzen
1042 4266 1172 4323 vielmelrr
1190 4271 1246 4325 dle

224 4351 493 4422 mythenreiehe
519 4353 622 4408 Oliva
653 4369 695 4408 an
727 4355 787 4409 der
813 4354 911 4407 Stirn
943 4356 1045 4408 eines
1073 4369 1131 4406 zur
1158 4354 1247 4409 Ehre

223 4436 357 4491 Athens
390 4452 621 4508 gesungenen
645 4437 787 4494 Werkes
814 4453 970 4508 prengen
996 4451 1098 4492 muas.

987 4523 1042 4586 4*
