3046 5224
1173 345 1260 390 xxtttt

121 469 399 594 nuinimaspartcs
428 513 616 577 adhibeatur.
672 517 774 580 Potuit
808 516 883 576 cuim
914 514 1058 580 Horatius
1086 515 1124 578 iis
1150 531 1258 578 oxcm-

121 613 264 695 plaribus
292 619 408 678 cornino
439 620 497 698 uli,
525 637 621 700 neque
655 620 753 680 tamen
784 615 905 696 singula
928 617 1024 680 verba
1048 616 1256 680 senteutiasre

120 717 278 796 colligere
298 724 349 780 aul
367 722 463 784 onmia
479 723 569 785 anxie
586 737 789 801 conseruare:
813 719 840 778 id
858 719 938 800 quod
963 721 990 780 ei
1012 720 1040 781 iu
1063 735 1143 782 more
1162 718 1257 778 luisse

120 822 185 881 ianr
214 839 309 902 supra
339 823 475 889 vidimus.
519 822 583 886 Sed
612 823 746 904 quoniam
782 821 838 887 boc
866 839 986 902 quoque
1017 821 1164 898 vidimus,
1191 837 1257 882 eam

120 923 321 985 imitationem
346 924 384 985 ab
408 923 512 986 eodem
530 943 585 1005 per
604 925 830 986 diversissimos
853 921 939 984 locos
960 923 1127 1002 (dispersam
1151 921 1257 1000 suinae,

122 1029 162 1086 ut
196 1042 254 1085 non
276 1025 313 1086 de
334 1025 450 1106 scripto
472 1027 527 1088 sed
550 1044 591 1089 ex
620 1027 760 1092 memoria
789 1025 966 1106 plerumque
988 1025 1072 1088 iacta
1100 1023 1258 1100 videatur,

58 1178 62 1184 .
123 1119 249 1187 Graeca
268 1125 387 1188 Horatii
408 1129 620 1211 interpretatio
642 1147 679 1192 eo
700 1127 875 1206 diligentior
898 1143 969 1190 ease
991 1125 1093 1205 debet,
1115 1142 1174 1205 qno
1197 1141 1258 1186 re-

123 1230 193 1290 rius
216 1231 303 1312 quasi
325 1229 465 1309 dispersa
481 1230 675 1296 disiecturum
691 1229 885 1293 membrorum
908 1226 1048 1290 collectio
1071 1226 1176 1290 rocart
1198 1243 1259 1306 po·

124 1334 201 1392 test.
243 1332 468 1411 Saepenumero
497 1337 595 1396 mente
625 1335 727 1416 potius
761 1349 847 1414 quarn
877 1329 974 1394 oculis
1001 1327 1149 1406 cernitur,
1181 1327 1258 1390 iusi-

126 1450 222 1509 guem
246 1433 390 1514 quandam
414 1434 523 1498 Graeci
550 1425 717 1516 scriptoris*
733 1433 912 1496 senteutiam
944 1431 982 1493 ab
1012 1428 1140 1494 Horatio
1172 1443 1260 1489 arre-

127 1536 213 1613 ptam
236 1537 268 1594 et
292 1538 507 1614 pertractatam
532 1555 613 1617 cnse,
637 1540 671 1600 ut
690 1539 719 1600 in
739 1534 843 1596 uerbis
864 1533 981 1618 quidem
1003 1532 1086 1594 nulla
1102 1529 1260 1608 adurrmum

127 1634 291 1698 similitudo
306 1643 470 1719 appareat,
491 1641 518 1700 si
541 1643 639 1702 tamen
658 1639 860 1702 inventionem
885 1641 916 1700 at
937 1640 1029 1698 totam
1051 1637 1146 1694 artem
1170 1629 1261 1712 paulo

126 1741 301 1800 accuratius
325 1741 508 1821 inspexeris,
528 1759 586 1804 uun
605 1744 708 1824 possis
729 1741 878 1816 dubitare,
897 1738 967 1821 quin
988 1755 1052 1798 earu
1077 1735 1261 1799 Graecorum

128 1841 231 1901 studio
253 1840 375 1902 debeat.
421 1841 487 1903 Nec
507 1861 575 1904 raro
591 1844 715 1904 duorum
734 1844 888 1902 auctorum
910 1838 1076 1900 senitentias
1099 1836 1150 1899 vel
1173 1840 1261 1900 acute

130 1940 214 2003 dicta
246 1941 299 2001 vel
327 1942 386 2002 duo
416 1943 582 2021 proverbia
612 1945 641 2003 in
679 1961 765 2002 uuum
802 1938 961 2015 conflavit,
998 1943 1075 2020 qrrod
1106 1943 1263 2004 imitaturis

130 2045 191 2104 cst.
208 2035 256 2122 47)
302 2048 304 2052 ’

234 2143 269 2204 ln
299 2140 356 2204 bac
380 2143 475 2222 igitur
505 2162 599 2226 opera
628 2162 716 2227 quum
733 2141 803 2204 nibil
825 2144 973 2226 andonius
994 2143 1146 2208 habuerim
1169 2164 1257 2226 quam

131 2251 165 2310 ut
181 2246 384 2327 explorarem,
406 2264 551 2329 quaenam
575 2246 759 2326 potissimum
783 2244 969 2326 exemplaria
990 2245 1110 2312 Graeca
1132 2251 1165 2312 et
1185 2265 1262 2330 quo-

132 2367 199 2410 nam
220 2347 308 2410 modo
326 2347 470 2412 Horatius
494 2350 627 2412 imitatus
648 2350 751 2410 esseta
770 2348 894 2428 primum
916 2365 1020 2410 onrues
1043 2349 1146 2430 locos,
1169 2353 1261 2432 quot‹

131 2455 206 2534 quot
221 2469 263 2512 ex
278 2449 406 2514 Graecis
429 2451 630 2533 scriptoribus
646 2451 840 2531 expressisse
866 2449 1036 2531 videbatur,
1062 2453 1209 2532 congeret
1232 2455 1265 2515 et

131 2553 356 2634 irrtripartitum
379 2558 590 2633 certorum,
613 2552 886 2634 probabilium,
911 2554 1112 2616 dubiorum
1131 2554 1263 2617 ordinem

132 2658 250 2736 digessi
259 2652 303 2736 ⁴⁸)
325 2657 442 2720 Primos
456 2658 531 2720 enim
553 2674 610 2720 eos
630 2657 788 2736 proposui,
809 2673 886 2738 quos
909 2660 1011 2720 certos
1032 2676 1059 2719 s.
1083 2657 1261 2720 manifestos

133 2760 276 2824 dixerim:
306 2759 335 2820 iu
366 2760 473 2839 quibus
502 2761 620 2842 quidem
649 2761 702 2820 aut
728 2759 796 2838 ipse
820 2758 965 2821 Horatius
995 2763 1148 2822 auctorem
1177 2777 1262 2820 suum

134 2862 314 2939 nominavit,
335 2865 387 2924 ant
408 2864 583 2928 imitationis
606 2864 743 2940 uestigia
764 2864 806 2924 ita
826 2864 934 2940 aperte
958 2861 1115 2941 unicuique
1135 2860 1164 2919 in
1186 2877 1262 2922 ccu-

136 2964 183 3024 los
205 2963 375 3041 incurrunt,
395 2968 427 3026 ut
446 2984 543 3047 prope
567 2979 618 3028 rea
639 2967 708 3046 ipsa
725 2964 878 3044 loquatur.
922 2959 999 3023 'Pam
1021 2977 1172 3043 expressa
1193 2963 1261 3024 imi-

138 3065 258 3128 tationis
287 3065 427 3145 exempia
453 3085 608 3148 perpauca
638 3064 719 3148 apud
740 3063 895 3128 Horatium
926 3065 1065 3138 exstaut3
1096 3066 1125 3126 in
1151 3067 1263 3128 ceteris

138 3171 235 3230 autem
257 3165 365 3228 multas
384 3173 417 3231 et
439 3169 564 3232 idoneas
586 3189 712 3234 caussas
735 3167 899 3232 convenire
922 3182 1051 3230 necesse
1067 3172 1125 3249 eat,
1151 3173 1183 3234 ut
1205 3187 1261 3250 pro

138 3273 246 3334 certo
260 3267 398 3332 affirruuri
413 3271 515 3351 liceat,
529 3273 721 3336 imitationem
736 3290 807 3334 esse
821 3273 949 3334 'lactant
972 3271 1037 3334 Nec
1056 3272 1123 3334 sola
1149 3272 1262 3336 sufficit

136 3373 371 3438 Scholiastarum
392 3378 424 3435 et
446 3373 515 3435 VV.
542 3374 612 3436 DI).
636 3377 817 3453 auctoritas,
845 3373 954 3452 grauis
980 3390 1052 3434 saue
1075 3393 1130 3457 per
1152 3394 1187 3438 se
1207 3394 1264 3440 nec

137 3476 371 3555 contemnenda,
398 3476 454 3536 sed
484 3479 513 3538 in
541 3475 599 3540 lunc
620 3478 738 3560 ¹quidem
770 3493 897 3556 campo,
929 3476 961 3535 ut
989 3475 1137 3555 vidimus,
1164 3495 1260 3558 saepe

137 3580 270 3652 lubrica3
311 3596 422 3656 magua
453 3596 528 3640 vero
556 3579 733 3643 documenta
761 3582 848 3657 sunt,
884 3579 910 3637 si
937 3576 1083 3642 Horatius
1110 3580 1262 3642 auctorem

170 3861 214 3922 47)
234 3855 377 3925 Complura
402 3853 429 3907 id
454 3868 539 3924 genus
559 3853 679 3922 exempla
704 3853 802 3922 collegi
826 3831 859 3906 ad
880 3852 907 3905 G.
928 3851 954 3913 l,
975 3859 1017 3910 28.
1038 3859 1113 3912 extr..
1142 3857 1187 3924 qni
1206 3858 1263 3924 ipse

240 3942 315 3996 locus
339 3940 393 4009 (vs.
410 3945 446 3995 30
462 3966 496 3976 -
514 3936 562 4005 34)
586 3953 618 3992 ex
639 3937 726 3992 Hom.
754 3936 801 3992 Odi
824 3937 877 4002 xl,
902 3941 937 3995 66
955 3953 1031 4009 seqq.
1059 3946 1084 3992 at
1105 3937 1261 4008 dosehpl.

240 4026 332 4096 Suppl.
353 4028 515 4082 tac-437.
533 4021 563 4076 D.
582 4023 762 4092 probabiliter
780 4023 884 4077 videtur
903 4026 1065 4094 compositus
1078 4039 1153 4108 csse.

170 4157 217 4226 48)
238 4155 269 4208 lu·
286 4154 327 4207 tus
341 4153 389 4207 ur.
410 4153 441 4207 Α.
463 4151 589 4207 llollii
614 4151 671 4206 lere
698 4153 848 4206 rationibus
868 4151 1009 4206 obsecutus
1034 4167 1107 4214 sum,
1135 4167 1202 4220 uuas
1221 4153 1265 4206 illc

241 4241 383 4309 proposuit
409 4241 435 4291 in
458 4236 547 4292 Praei.
566 4241 593 4290 in
611 4234 814 4290 Marcellianum
833 4242 899 4290 extr.
921 4241 947 4288 ct
966 4237 993 4286 in
1014 4233 1100 4291 Orati.
1126 4235 1168 4291 lV.
1190 4255 1205 4306 p
1233 4248 1264 4294 31

239 4341 308 4394 sqq,
325 4330 354 4376 ut
369 4339 459 4376 verum
480 4329 505 4377 et
523 4329 631 4378 certum.
652 4322 880 4383 verisimillimum,
899 4319 1063 4390 probabilem
1078 4326 1266 4383 coniecturam,

242 4409 433 4463 diuinationem
456 4410 629 4464 ‹liscerrreret
