3072 5180
272 287 333 352 iel

287 549 293 560 Ι
369 496 401 536 v.
427 471 476 534 ll.
522 471 643 552 λροανιι
666 474 847 537 memoravlt
866 473 1001 538 Alcaeus
1019 477 1047 536 lo
1071 475 1124 538 Fr.
1146 473 1196 542 le.
1218 475 1328 541 Solum:

286 647 289 656 Δ
476 568 541 636 odo
562 567 622 656 troi
647 571 757 640 Λόκον
780 574 812 640 ἐν
832 579 974 652 Μοίσαις
998 571 1149 660 demost)

267 673 455 739 tummaxlme
484 673 621 740 tortasse
650 694 716 740 eum
746 695 784 739 eo
814 679 1026 758 stomachans,
1057 683 1091 742 ut
1121 679 1222 742 solent
1250 684 1393 742 amantes.

268 772 331 840 Gio.
355 773 393 836 de
417 773 457 838 N.
479 777 519 851 l).
542 776 568 858 l,
590 775 652 842 28:
685 779 840 858 „Naevur
862 781 892 842 in
921 781 1050 845 articulo
1070 784 1157 863 pueri
1178 782 1312 853 delectat
1333 781 1393 844 Al-

266 877 410 942 oaeum.“
432 881 465 958 et
485 879 582 991 Τορο.
598 875 728 959 1v‚33=
752 880 888 959 „Fortis
908 884 962 949 vir.
978 884 1008 944 iu
1027 900 1082 944 sua
1103 885 1260 964 republica
1283 885 1394 962 rogoi-

266 986 335 1064 λιιι,
356 999 435 1065 quae
456 981 495 1043 de
516 983 655 1044 iuvenum
678 999 780 1044 amore
801 982 926 1061 scripsit
946 981 1136 1047 Aleaeus!“
1183 985 1251 1048 lluo
1272 988 1397 1067 spectat

267 1087 358 1150 etiarn
375 1084 482 1150 Sohol.
503 1083 625 1148 Pindari
648 1082 686 1144 ad
708 1081 812 1146 lstlrm.
833 1082 874 1164 ll,
899 1083 944 1148 λι
969 1082 1024 1174 Ιότι
1047 1087 1081 1148 δὲ
1103 1091 1176 1166 περὶ
1198 1091 1395 1151 παιδικοῦ

268 1187 419 1274 ἴρωτος
438 1183 474 1265 ἧν
498 1197 561 1261 τοῖς
580 1191 717 1270 λορικοῖς
740 1181 758 1262 ἡ
787 1191 847 1250 τῶν
863 1181 1053 1267 ποιημάτων
1081 1182 1215 1267 σπονόό,
1244 1185 1395 1270 δημιιόόης

268 1291 286 1355 ό
308 1289 410 1372 λόγος.
430 1291 527 1352 ταῦτα
548 1289 583 1353 δὲ
603 1289 766 1354 adorarem
786 1280 921 1364 ederem
940 1284 1212 1368 rememoratae
1234 1297 1286 1354 καὶ
1298 1289 1394 1370 ’Ἰβρ-

266 1417 322 1458 κον
344 1396 397 1457 καὶ
415 1387 698 1477 Ἀνακρέοντακαλ
727 1390 762 1456 εἴ
782 1415 863 1466 τινες
893 1396 955 1456 ταῖν
984 1385 1048 1471 πρό
1076 1388 1172 1456 αὐτοῦ
1201 1389 1395 1478 (noredano)

268 1497 398 1564 δοκοῦσι
425 1500 498 1579 περὶ
525 1488 563 1558 τό
591 1487 721 1558 mordeant
742 1489 948 1574 ἤοχολῆοθαι.
989 1489 1196 1576 Ἀνακρέοντα
1216 1497 1292 1574 γοῦν
1314 1494 1393 1574 ἐρω-

266 1599 413 1682 τηθέντα,
434 1599 524 1681 φασὶ,
545 1599 655 1661 droti
681 1589 739 1660 οόκ
760 1595 805 1670 εἷς
830 1589 927 1669 deod:
954 1589 1068 1677 γράφει
1095 1593 1219 1677 όμνονς,
1252 1592 1325 1658 ἀλλ’
1352 1596 1394 1670 εὶς

266 1704 393 1781 παῖδας,
414 1701 511 1765 εἰπεῖν
533 1696 582 1764 ότι
604 1689 691 1762 οὗτοι
711 1692 794 1776 ἡμῶν
816 1698 893 1760 θεοί
909 1694 1015 1772 εἶσιν,

369 1824 402 1865 v.
426 1800 466 1866 13
486 1819 575 1885 seqq.
619 1799 731 1862 linitus
760 1799 899 1862 carminis
922 1798 961 1860 ad
983 1800 1101 1861 veteris
1125 1799 1228 1880 hymni
1251 1801 1392 1863 similitu-

266 1907 363 1969 dinem
383 1905 523 1987 proxime
545 1901 682 1966 aceedit:
706 1899 785 1962 nude
807 1900 959 1963 oensenda
982 1899 1126 1964 elocutio.

371 2007 398 2068 0
418 2007 514 2068 decus
536 2004 655 2066 Ploeoi
674 2013 707 2064 et
724 2003 858 2084 dapibus
877 2005 1019 2084 suprema·

370 2110 472 2171 Grata
491 2107 613 2177 termedo
632 2101 732 2188 Jooa's]
760 2103 885 2166 Omnino
907 2104 1031 2167 testudo
1054 2104 1187 2171 Homero
1218 2112 1267 2172 est
1289 2106 1393 2183 δαιτός

265 2205 371 2291 ἑταίρη
393 2211 465 2273 sive
485 2213 566 2274 δαιτὶ
586 2205 739 2293 σονόορος
761 2205 820 2268 0d.
843 2205 952 2286 XVll,
973 2207 1057 2283 2713
1087 2209 1170 2292 Vlll‚
1194 2211 1256 2286 993
1286 2213 1394 2294 Hymn.

264 2311 295 2374 ln
309 2309 480 2392 lllero.31.,
504 2312 585 2375 siout
606 2311 664 2392 ipsi
674 2309 802 2372 lloratio
817 2311 866 2370 est
878 2306 1088 2389 O.lll,ll,6=
1110 2313 1264 2391 „divitum
1285 2334 1393 2378 men·

265 2415 321 2490 sis
350 2418 382 2477 et
410 2415 534 2478 amieo
561 2411 720 2494 templis.“
771 2409 836 2474 Sed
868 2409 926 2473 hoo
949 2410 1017 2474 loeo
1041 2413 1228 2491 potissimum
1252 2417 1393 2495 respexit

268 2516 438 2580 convivium
471 2515 593 2580 deornm
615 2516 645 2576 in
674 2512 823 2595 Olympo,
854 2512 942 2593 quale
962 2512 1039 2574 idem
1063 2513 1249 2576 Homerus
1271 2516 1390 2578 deseri-

265 2617 312 2684 bit
331 2618 369 2681 ll.
391 2618 416 2699 1,
434 2615 499 2684 603
520 2636 608 2701 suppa

308 2717 472 2800 Δείννντ’,
494 2717 566 2786 οόδό
585 2747 615 2786 τι
636 2713 740 2803 θυμός
760 2714 877 2784 ideireo
893 2709 1004 2789 emeda
1024 2715 1117 2794 ἐίσης,

309 2818 354 2885 οό
371 2826 443 2905 μὲν
465 2819 699 2907 φόρμιγγος
719 2818 1006 2903 περικαλλέος,
1038 2812 1080 2896 ἣν
1101 2815 1159 2899 ἔχ’
1184 2814 1394 2896 Ἀπόλλων,

304 2922 467 2990 Μουσάων
489 2925 541 3008 θ’,
561 2927 596 2992 οἳ
614 2923 719 2991 όειδον
743 2918 945 3004 ἀμειβόμεναι
966 2916 1022 2986 deo
1044 2924 1131 3008 καλῇ.
1200 2947 1205 2963 ·

265 3023 317 3088 ubl
336 3025 478 3089 oitlnaram
502 3028 671 3095 moduletur
701 3029 767 3107 ipse
793 3025 931 3106 Apollo,
960 3024 1115 3087 illusarum
1146 3023 1238 3088 choro
1268 3023 1392 3088 alternis

267 3131 404 3190 canente.
446 3128 524 3192 llino
545 3128 695 3190 Pindarus
715 3129 807 3208 Pytln.
828 3128 852 3208 l,
876 3129 957 3190 init:

368 3231 500 3312 Χρνσέα
519 3226 665 3312 φόρμιγξ,
684 3224 879 3302 ’Λπόλλωνος
902 3231 954 3290 καὶ
973 3223 1171 3305 ἰοπλοκάμων

370 3327 513 3394 αόνδικον
532 3332 660 3395 Μοισᾶν
683 3331 822 3406 κτέανον,
1152 3339 1154 3350 ’

266 3435 363 3514 lyram
400 3451 554 3498 commune
588 3433 742 3515 Apollinis
780 3433 812 3493 et
841 3428 996 3490 illusarum
1031 3427 1256 3494 instrumentum
1295 3441 1394 3497 voeat.

266 3536 384 3618 Nempe
414 3538 452 3600 de
481 3557 594 3600 summa
622 3539 655 3600 vi
679 3536 810 3599 musioes
840 3533 975 3595 dicturus
996 3529 1049 3592 ille
1072 3547 1131 3593 non
1155 3530 1247 3618 ψιλόν
1268 3534 1395 3619 κιθάρι-

266 3660 317 3702 σιν
347 3641 522 3722 praedieat,
552 3641 607 3702 sed
636 3659 713 3723 qnae
741 3658 807 3703 oum
831 3634 918 3718 poesi
949 3634 1108 3696 ooniunota
1133 3639 1191 3718 sit,
1222 3642 1255 3704 ut
1284 3641 1395 3722 optime

266 3739 424 3804 Dissen.
444 3763 475 3824 p.
501 3740 573 3806 163.
618 3743 683 3808 Neo
705 3743 794 3805 aliter
816 3736 972 3817 Horatius,
993 3755 1081 3820 quum
1104 3739 1197 3803 addat
1216 3762 1247 3804 u.
1265 3741 1307 3806 14
1330 3761 1396 3825 spa

372 3862 389 3906 o
420 3845 594 3906 latorum
615 3843 740 3905 Dulce
763 3841 943 3919 lenimen,
1343 3837 1345 3840 ’

268 3966 346 4030 quae
367 3948 445 4010 idem
468 3946 629 4010 Dissenius
651 3966 682 4025 p.
708 3941 782 4008 595.
811 3945 968 4026 eomparat
997 3963 1063 4008 eum
1094 3945 1263 4011 Pindari
1292 3946 1394 4013 lstlnm.

268 4048 337 4129 Vll,
359 4052 442 4113 init:

268 4237 467 4249 m

321 4355 348 4421 l)
367 4356 382 4410 i,
402 4369 423 4408 e.
439 4349 515 4419 όμνό
532 4354 567 4404 im
587 4351 670 4406 Liede
689 4350 803 4420 plegem,
824 4347 1032 4409 vorherrliolnen.
