3046 5224
302 336 324 402 8

304 516 430 603 πτηνὸς,
448 519 606 602 almaque,
624 515 799 603 ιιτιρόπους
816 523 944 602 propter
964 520 1075 587 πέδιλα
1095 514 1195 600 mpori
1208 523 1311 604 (Hom.
1322 523 1380 588 (ld.
1391 525 1431 604 V,

304 623 373 709 44)
395 625 503 688 dictus.
533 622 622 708 Quod
646 639 722 686 vero
745 622 784 685 ad
808 641 871 686 rem
893 625 1036 705 pertinet,
1051 623 1273 688 Mercurius
1294 645 1353 688 non
1369 646 1428 689 so-

303 728 362 791 lutu
383 721 601 810 ’Apysrpo‘oeqc
621 728 655 788 et
675 720 820 806 e‘ppqrsde
846 725 954 808 (Virg.
967 724 1010 794 A·
1027 725 1087 804 lV,
1111 723 1195 789 377:
1217 729 1429 810 interpres

303 827 465 909 divom),
493 828 649 890 sedidem
671 823 802 908 χθόνιος
824 828 856 887 et
878 822 1027 908 εἰρηνικὸς
1043 824 1153 909 (Ouid.
1177 826 1321 911 nlxlv,
1346 830 1429 895 ‘2912

302 929 464 1010 pacifer
485 925 660 1009 Cyllenius)
681 927 851 996 habebatur
874 930 999 1010 eiusque
1022 929 1127 990 abrilis
1164 927 1343 1012 Augustus,
1376 935 1428 1014 qui

303 1030 386 1093 illius
420 1034 452 1092 et
474 1031 596 1092 formam
624 1029 785 1094 iuvenilem
815 1031 848 1092 et
873 1029 970 1111 ipsum
999 1048 1106 1094 numen
1134 1036 1262 1112 propter
1288 1033 1429 1114 placatos

303 1131 448 1198 Caesaris
467 1151 571 1195 manea
591 1133 844 1212 constitutamque
866 1132 948 1194 orbis
961 1135 1106 1198 terrarum
1122 1141 1229 1215 p'acem
1243 1137 1360 1198 reterre
1374 1139 1428 1200 vi-

303 1234 434 1299 deretur.
486 1232 556 1296 Vld.
579 1231 803 1298 Hemsterb.
832 1233 862 1296 ln
890 1232 1012 1298 buclae.
1043 1233 1214 1317 contempl.
1242 1237 1269 1300 l.
1291 1259 1324 1322 p.
1354 1237 1429 1303 37⁶2.

302 1334 448 1414 Unger.
468 1331 562 1413 Valg.
583 1356 614 1417 p.
635 1331 709 1402 396.
731 1336 763 1398 et
787 1335 842 1398 eir.
862 1335 901 1396 ad
925 1333 963 1398 0.
987 1335 1012 1416 l,
1038 1333 1089 1418 10,
1114 1335 1164 1400 17.

403 1470 444 1482 -
463 1439 594 1519 pattena
611 1439 882 1502 amaricamur
904 1435 1000 1522 udor]
1024 1437 1143 1504 Graece
1168 1441 1288 1524 dictum,
1307 1461 1364 1524 pro
1388 1462 1427 1507 ec

302 1538 382 1620 quod
404 1538 511 1602 Latine
536 1536 694 1602 dicendum
713 1543 782 1604 erat
800 1540 922 1621 patiens
946 1543 977 1606 te
997 1541 1104 1604 vocari
1126 1538 1163 1604 C.
1186 1542 1324 1625 ultorem,
1346 1541 1427 1609 ὑπο-

298 1640 401 1722 μένων
423 1644 591 1704 καλεῖσθαι
610 1643 772 1726 Καίσαρος
791 1639 934 1723 τιμωρός.
984 1643 1080 1706 Plane
1102 1644 1240 1707 similiter
1265 1642 1302 1724 C,
1324 1643 1349 1726 l,
1372 1644 1428 1727 37,

301 1742 345 1810 ab
364 1763 429 1826 eq:
458 1740 644 1803 inridens
667 1744 830 1823 privata
853 1744 994 1810 deduci
1017 1745 1218 1827 triumplu
1250 1745 1429 1811 Vidlaam-

289 1849 360 1912 ⁴latur.
380 1847 419 1910 ad
440 1843 469 1906 lr.
488 1844 509 1906 l.
530 1845 564 1906 et
585 1843 663 1908 lixo·
686 1830 741 1926 lli,
762 1843 795 1927 4,
816 1843 846 1908 2.

398 1967 430 2009 v.
450 1945 503 2011 45.
548 1943 675 2008 Serus
695 1946 823 2032 redeas]
847 1946 917 2008 Vid.
941 1947 1020 2012 lixo.
1043 1947 1099 2030 lV,
1120 1950 1251 2033 append.
1272 1951 1311 2014 de
1336 1952 1427 2016 adie-

236 2090 241 2099 ι
301 2050 392 2112 ctlvis
415 2048 635 2128 temporalibus
656 2047 867 2112 adverbiorum
890 2049 960 2114 loco
983 2053 1146 2134 usurpatis.
1277 2132 1279 2138 y

736 2217 864 2299 Coum.
890 2219 924 2312 Ι,
953 2219 989 2299 3.

289 2401 294 2406 .
398 2343 581 2422 Argumentl
605 2335 765 2424 dispositio
790 2351 822 2410 et
849 2348 1050 2428 pertractatio
1074 2347 1228 2413 Orellio
1250 2351 1327 2414 baec
1358 2355 1429 2418 lere

298 2466 370 2510 esse
391 2447 529 2509 videtur:
555 2443 801 2526 „Amantissimo
829 2466 916 2530 quum
939 2448 1071 2528 Virgilio
1100 2469 1156 2511 suc
1178 2450 1366 2531 tranquillam
1388 2474 1430 2521 ac

297 2549 440 2632 perleulis
459 2548 583 2612 liberam
605 2547 746 2628 optasset
765 2548 994 2626 navigationem
1011 2568 1129 2634 —qua
1157 2551 1186 2610 iu
1212 2568 1246 2612 re
1277 2551 1345 2614 sola
1369 2557 1427 2620 to.

297 2654 358 2718 uu·
379 2650 516 2716 carminis
539 2651 667 2713 vertitur
688 2650 780 2714 cardo
799 2684 858 2731 -,
873 2653 998 2714 secutus
1014 2650 1160 2716 Graccum
1177 2653 1297 2737 aliquod
1312 2673 1424 2720 exem-

296 2757 365 2840 plar
400 2753 529 2836 nondum
567 2753 694 2821 haduae
716 2753 822 2840 poesi
852 2755 1124 2836 accommodatum,
1161 2757 1190 2818 in
1225 2757 1306 2820 illam
1336 2761 1425 2842 primi

285 2864 408 2924 nautae
437 2858 594 2940 omnisque
622 2855 789 2922 mortalium
818 2859 998 2924 temeritatis
1026 2860 1286 2942 exsecrationem,
1322 2862 1421 2944 lyrico

295 2967 410 3046 impetu
433 2963 598 3045 abreptus,
625 2959 712 3024 buius
736 2965 836 3026 tamen
859 2961 985 3040 affectus
1006 2980 1127 3043 semper
1147 2964 1178 3022 et
1200 2982 1330 3026 summus
1366 2949 1421 3029 ar-

297 3066 383 3132 tilex,
400 3067 435 3125 et
463 3064 522 3125 sibl
543 3066 687 3134 constans
713 3069 816 3128 rector
841 3068 996 3148 prorupit3
1025 3082 1122 3148 eoque
1143 3066 1242 3143 uragis
1271 3069 1299 3130 in
1329 3068 1422 3133 maris

296 3162 441 3245 periculis
464 3165 496 3224 et
517 3162 723 3226 describendis
746 3171 777 3231 et
799 3166 987 3230 detestandis
1008 3169 1179 3229 immoratus
1202 3169 1260 3244 est,
1284 3166 1365 3246 quod
1381 3167 1421 3228 de

297 3265 412 3341 amieo,
448 3281 536 3345 quem
566 3279 712 3344 nunquam
744 3268 854 3346 postea
885 3268 980 3347 vidit,
1013 3270 1040 3330 sl
1071 3285 1129 3329 non
1158 3266 1347 3344 aegrotanti,
1386 3270 1421 3329 at

291 3366 402 3428 saltem
423 3365 538 3426 viribus
560 3366 617 3428 iam
641 3366 798 3432 ramirans
820 3367 983 3430 dmebat‘t
1026 3367 1113 3454 Quod
1133 3369 1228 3446 igitur
1246 3365 1298 3428 illc
1320 3366 1420 3446 putat,

295 3467 451 3532 Horatium
468 3483 486 3528 e
503 3465 622 3532 Graeco
637 3467 740 3549 aliquo
755 3468 923 3552 exemplari
944 3467 1031 3531 uobis
1054 3471 1161 3548 ignoto
1185 3471 1322 3533 extrema
1344 3485 1419 3529 car-

294 3571 379 3634 minls
412 3569 593 3633 lineamenta
620 3570 839 3651 descripsisse,
875 3569 905 3632 id
933 3571 976 3634 itu
1007 3572 1151 3636 credibile
1179 3588 1250 3634 esse
1283 3569 1417 3651 videtur,

294 3677 328 3736 ut
349 3674 379 3736 lu
399 3670 458 3737 boe
479 3674 609 3738 cursim
630 3672 791 3740 scribendo
810 3672 944 3737 tortasse
967 3672 1005 3736 ad
1035 3672 1271 3740 Callimachi
1307 3690 1418 3734 exem-

293 3773 386 3855 plum,
407 3775 520 3852 fragm.
543 3775 616 3842 lla
637 3775 765 3842 ercan:
1043 3843 1045 3850 ,
1272 3759 1277 3768 ’
1413 3783 1423 3790 ’

372 3869 526 3956 traua,
548 3871 571 3940 ἃ
592 3871 627 3940 ad
645 3874 742 3958 μόνον
766 3877 881 3960 φέγγος
899 3873 967 3956 ἐμὶν
986 3867 1022 3940 ud
1045 3869 1139 3957 ytoud
1159 3880 1214 3948 τᾶς
1238 3874 1309 3948 ζοιῖς

369 3975 550 4062 Uenetae,
577 3982 654 4044 nori
670 4003 707 4044 ru
727 3973 831 4053 Ζαιὸς
852 3978 990 4059 ὶκιεῦμαι
1009 3976 1232 4058 laearoredum.

292 4080 483 4165 respexerit,
512 4084 545 4145 ut
571 4081 661 4142 uaris
688 4081 740 4144 illu
763 4079 800 4144 G.
829 4078 951 4161 1,14.,
978 4080 1075 4162 prima
1097 4083 1182 4144 certe
1204 4077 1416 4156 conceptione,

291 4199 351 4244 aaa
368 4183 505 4246 Romana
525 4185 586 4264 est,
605 4183 660 4246 sed
689 4179 803 4248 Alcaei
824 4187 954 4265 poetae,
985 4185 1019 4246 ut
1042 4178 1275 4262 Archytasest
1297 4176 1415 4240 llome-

290 4285 371 4346 ricus
393 4285 527 4365 Elpenor
546 4288 679 4367 itemque
703 4284 823 4347 Nereus
843 4283 1013 4346 vaticinans
1029 4282 1163 4346 eiusdem
1184 4281 1327 4342 Proteus
1348 4277 1415 4341 Sed

289 4389 413 4468 praeter
433 4387 558 4450 tomara
580 4386 668 4450 lunius
684 4386 834 4475 exempli,
862 4405 948 4472 quarn
966 4383 1079 4448 leviter
1098 4383 1237 4462 eiliuxit,
1259 4383 1292 4445 et
1314 4397 1412 4444 exor-

289 4489 366 4550 dium
396 4489 464 4550 inde
492 4488 650 4551 deductum
676 4487 732 4550 vix
764 4473 919 4573 quicquum
948 4483 1028 4550 aliud
1051 4481 1261 4551 Alexandrino
1298 4488 1412 4568 poetae
