3064 5206
279 342 342 415 18⁰

276 541 397 620 illyrius
413 536 489 596 enirn
512 533 623 596 hedera
646 535 745 615 apium
767 538 800 598 et
825 535 935 598 similia
956 540 989 599 in
1011 545 1233 601 coronamenta
1251 540 1330 622 falic
1352 561 1411 604 ue·

273 648 388 704 nerant
414 637 467 700 vel
499 645 621 698 τααίτινα
646 637 726 718 folio
752 640 962 719 emanabant,
991 642 1025 700 ut
1054 638 1156 701 dicere
1188 645 1270 704 amet
1291 642 1412 706 Plinius
1512 653 1513 662 ’

273 740 430 828 (ΧΧΙ,9,
453 737 505 803 ne.
530 736 579 818 10,
596 735 688 822 33.),
710 759 797 822 quom
820 744 925 804 cetera
948 742 1160 803 coronamenta
1183 761 1200 804 e
1223 743 1351 806 floribus
1375 751 1411 809 et

274 846 403 927 propter
431 843 529 923 ipsum
552 841 654 903 liorem
676 844 864 922 peterentur.
908 842 995 906 Haec
1018 841 1128 907 Graeci
1148 831 1408 928 στεφανωματιαύ

274 948 326 1010 vel
346 940 559 1026 στεφανωτικιί
581 940 680 1023 ι’ίνθη,
708 945 759 1006 illa
782 941 920 1024 φνλλαίδη
941 940 1166 1026 στεφανώματα
1185 945 1407 1024 vocabant²¹t.

273 1049 307 1112 ln
328 1047 375 1110 bis
396 1045 617 1128 posterioribus
636 1045 750 1107 Plinius
777 1043 814 1127 (Ι.
832 1065 858 1108 ο.
877 1045 927 1126 10,
942 1045 1012 1130 33.)
1041 1048 1129 1110 etiam
1159 1047 1250 1112 ilores
1271 1051 1404 1113 nonnul-

271 1153 321 1215 los
349 1150 461 1228 refert,
490 1149 541 1229 qui
572 1148 645 1209 iulio
678 1148 782 1210 verius
813 1166 899 1229 quam
923 1148 997 1212 ilore
1021 1151 1216 1215 coronabant.
1260 1153 1296 1214 Si
1319 1171 1404 1216 usum

273 1255 465 1336 spectamus,
495 1249 585 1311 facile
609 1239 852 1332 irequehtissima
875 1254 960 1314 serta
988 1251 1082 1316 ilonea
1111 1254 1165 1316 uel
1193 1272 1234 1314 ex
1263 1255 1403 1337 utrisque

270 1358 383 1420 mixtae
406 1367 537 1414 coronae
560 1355 667 1432 erant,
701 1370 781 1433 quae
812 1354 880 1434 ipsa
901 1356 1053 1419 varietate
1074 1355 1239 1438 placebant
1261 1359 1402 1419 maxime.

270 1460 319 1522 Ae
340 1471 452 1516 summa
474 1454 631 1516 varietate
660 1455 837 1532 gaudebant
851 1456 971 1538 Graeci,
995 1459 1044 1539 qui
1065 1461 1098 1520 et
1116 1460 1244 1541 plurima
1266 1477 1400 1520 corona·

189 1592 194 1602 =
271 1562 435 1623 mentorum
467 1573 585 1632 genera
614 1562 763 1622 noverant
791 1562 824 1620 et
846 1559 946 1623 moitis
967 1563 1038 1623 item
1059 1579 1095 1623 ao
1119 1562 1214 1624 variis
1234 1560 1400 1624 rationibus

275 1663 355 1725 docti
387 1658 510 1736 slogula
535 1675 671 1740 quaeque
698 1661 869 1740 probabant
895 1662 1120 1744 eligebantque.
1170 1663 1245 1724 Nam
1274 1664 1399 1742 primum

269 1765 399 1850 quidem,
421 1761 499 1843 quod
522 1778 614 1840 supra
634 1779 866 1826 commemorare
886 1783 1058 1846 coeperam,
1083 1765 1269 1847 antiquiores
1286 1763 1398 1827 Graeci

266 1865 449 1932 valetudinis
476 1862 620 1922 rationem
650 1859 796 1926 babuisse
835 1869 868 1928 et
895 1867 1076 1930 medicorum
1104 1869 1272 1948 praecepta
1296 1868 1396 1929 secuti

268 1971 436 2034 traduntor.
473 1962 654 2026 Plutarchus
684 1966 760 2027 euim
789 1965 900 2050 Symp.
929 1968 988 2049 lii,
1018 1968 1101 2033 646:
1140 1969 1315 2047 Hedera,
1342 1969 1396 2048 ait,

266 2078 334 2156 ipse
357 2066 494 2132 bacchus
516 2067 647 2146 optimus
671 2068 805 2131 medicus
829 2069 1014 2134 bacchantes
1033 2071 1177 2133 coronari.
1194 2071 1332 2133 edocuit:
1354 2065 1396 2144 uic

220 2199 223 2202 ·
266 2171 356 2254 ἧττον
378 2165 439 2234 tui
458 2168 618 2233 wiotico
635 2166 787 2256 ιίνιηῖντο,
805 2174 877 2236 τού
898 2176 1039 2238 κιττοῦ
1061 2169 1326 2258 κατασβεννύντος
1340 2169 1395 2248 τίν

263 2264 366 2359 μέθην
386 2275 432 2360 τῇ
453 2267 697 2354 ψυχρότητι,
722 2275 805 2336 etin
829 2276 935 2338 iisdem
956 2273 1208 2353 refrigerantibus
1223 2273 1284 2335 illis
1301 2275 1393 2355 paulu

264 2384 336 2463 post
356 2395 373 2438 e
393 2374 516 2437 uenum
546 2372 769 2437 violaceam
798 2381 927 2440 maxime
957 2379 989 2438 et
1015 2393 1220 2438 rosaceum
1250 2394 1393 2441 coronam

262 2483 376 2559 refert,
398 2473 531 2559 116471
552 2470 661 2554 στύφει
681 2474 933 2560 yde-duodenae
954 2479 1006 2538 καί
1032 2477 1149 2538 στέλλει
1180 2478 1215 2561 τῇ
1233 2471 1317 2563 σ’σμῇ
1334 2474 1393 2551 τοὶς

261 2587 462 2668 καρηβαρίας.
512 2577 561 2640 Ae
583 2567 779 2641 Dioauurldes
801 2579 830 2658 Ι,
861 2575 941 2641 13οι
970 2573 1066 2640 ‘Po‘du
1087 2572 1181 2661 ψύχει
1198 2579 1252 2638 καί
1270 2575 1391 2658 στύφει.

261 2691 343 2753 idem
365 2685 469 2749 Diesc.
493 2679 548 2760 iv,
572 2678 651 2744 120:
674 2676 746 2744 ''lou
771 2682 952 2762 αορφνροῐν
976 2674 1104 2758 δύναμιν
1138 2675 1203 2759 ἔχει
1227 2675 1389 2760 φυκτιιιῆν.

261 2795 302 2856 iit
321 2789 436 2853 Plinius
458 2783 545 2864 xxi,
575 2781 625 2863 18,
646 2781 706 2848 73:
734 2782 823 2846 Rura
845 2783 1032 2866 adstringit,
1058 2784 1251 2866 refrigera&
1273 2781 1314 2842 ib.
1337 2781 1391 2862 19,

260 2893 321 2958 761
358 2891 463 2953 lictae
478 2907 663 2970 purpureae
682 2888 926 2970 refrigerent-
935 2912 948 2961 ,·
968 2888 1132 2970 crapulam
1152 2894 1183 2947 at
1202 2885 1391 2967 grauedines

260 2997 372 3080 capitia
390 2985 673 3074 inpoaiia'eooronis
695 2991 876 3073 olfactuque
896 2991 1075 3054 diaomiunt.
1120 2987 1211 3066 Virg.
1233 2984 1313 3067 (lup.
1328 2984 1388 3076 32:

261 3100 306 3161 Et
329 3093 496 3178 grauidam
516 3110 606 3152 roseo
631 3101 721 3154 necte
742 3101 841 3174 caput
860 3095 1031 3176 strophiu'
1059 3091 1162 3172 „Inde
1190 3087 1311 3166 vero“‚
1340 3090 1389 3150 in-

260 3201 326 3284 quit
347 3191 527 3277 ‚Philonides
557 3191 689 3254 medicus
720 3195 800 3273 apud
823 3193 1013 3257 Athenaeum
1040 3191 1119 3270 XV,
1148 3189 1214 3254 675
1236 3189 1284 3268 a,
1304 3191 1389 3270 „ad

261 3297 450 3376 voluptatum
471 3294 633 3371 conversi,
663 3294 823 3358 utilitatem
853 3300 886 3358 et
905 3293 1155 3359 incommodorum
1175 3308 1217 3350 ex
1238 3289 1389 3356 ebrietate

259 3399 419 3464 remedium
442 3394 565 3454 minoris
592 3394 760 3475 iacientes,
789 3397 887 3478 ipsam
908 3400 1041 3479 speciem
1062 3399 1095 3458 et
1116 3391 1220 3455 odoris
1242 3395 1387 3457 suavita·

257 3509 317 3568 tem
347 3498 447 3576 magis
474 3495 659 3559 curarunt“
715 3497 823 3581 ltaque
861 3497 899 3559 de
932 3495 1135 3562 usitatissimis
1164 3497 1387 3558 coronamentis

258 3609 337 3670 idem
357 3602 432 3663 haec
452 3597 545 3661 tradit
564 3598 584 3660 i.
600 3617 627 3661 c.
644 3596 749 3679 pune
772 3619 806 3663 e:
827 3604 1026 3681 μυρσίνης
1047 3597 1106 3676 μὲν
1124 3593 1387 3674 eriperemur}-
1412 3637 1414 3641 -

256 3733 355 3792 φοντα
380 3697 510 3779 κοίτην
535 3702 627 3766 uibrare
655 3698 868 3784 ἀναθυμίασιν
888 3693 1158 3784 ἀποκρουόμενον,
1185 3693 1231 3759 ἔτι
1259 3700 1293 3760 δὲ
1315 3693 1384 3779 ῥό-

256 3815 293 3875 δι
303 3833 386 3884 νον,
413 3800 528 3887 ἔχοντά
558 3829 588 3868 τι
616 3809 670 3868 ταὶ
695 3806 901 3886 κεφαλαλγίας
922 3793 1134 3886 παρηγορικὸν
1159 3792 1217 3861 σύν
1240 3800 1285 3884 τῷ
1306 3798 1403 3878 αατοὶΙ

257 3905 358 3977 ττοσόν
382 3904 512 3993 ψύχειν,
533 3899 613 3991 τρίς
637 3908 671 3970 δὲ
691 3904 813 3979 τούτοις
832 3899 1032 3984 δάφνινον
1056 3897 1113 3966 oriar
1137 3895 1298 3981 υίλλύτριον
1316 3913 1384 3976 τοῖς

288 4196 338 4259 21)
356 4191 510 4247 Athenaeus
528 4189 586 4254 XV,
606 4191 659 4246 680
676 4204 699 4243 e.
718 4190 769 4246 683
789 4198 812 4242 υ.
828 4187 880 4242 677
898 4179 917 4234 i·
936 4179 1083 4254 Hesychius
1101 4188 1129 4239 in
1147 4200 1214 4239 uoce
1232 4188 1379 4254 Στεφανιι·

356 4274 453 4344 μυίταν
480 4274 555 4327 addit
579 4279 625 4328 ιιαλ
649 4267 765 4336 hoediq.
809 4265 864 4318 uir.
886 4261 953 4320 Cato
977 4269 1009 4323 de
1027 4268 1059 4324 R.
1078 4268 1109 4322 ll.
1128 4283 1151 4324 e.
1167 4275 1195 4336 8,
1214 4276 1257 4333 2.,
1279 4267 1379 4325 Plinius

348 4347 429 4422 'xxi
448 4365 471 4422 1,
493 4365 517 4412 1.
537 4357 575 4409 ib.
597 4371 619 4410 c.
637 4358 663 4416 1.
684 4357 725 4409 10.
745 4364 767 4402 u·
785 4358 810 4414 7,
831 4353 874 4406 19.
893 4356 949 4418 ee,
967 4361 1003 4412 27
1021 4370 1062 4425 sq.
1080 4351 1286 4430 xxiicuae„
1306 4353 1377 4409 Voss

355 4440 388 4496 ad
405 4439 483 4509 virg.
501 4436 548 4495 6ο.
566 4437 611 4502 IV,
631 4443 688 4496 118.
706 4435 823 4505 11766,
842 4432 968 4509 bottiger
985 4435 1049 4492 Sab.
1066 4435 1094 4510 l,
1112 4440 1172 4496 226.
1191 4437 1252 4495 245.
