3046 5214
1192 357 1232 422 ’λλ

113 550 301 634 βοστρύχους
325 553 443 626 ξανθῆς
466 545 560 628 κόμης
585 547 709 626 tribuit,
735 549 766 608 et
787 549 816 612 ia
841 549 950 614 liceri.
980 548 1053 616 235.
1084 545 1235 614 ascensu

112 653 265 736 praedicat
286 657 427 735 tanquam
452 655 601 726 ξανθοῖσι
620 644 840 730 βοστρύχοισιν
861 648 1010 729 εὔκοσμον
1029 654 1137 737 κόμην.

213 775 246 818 v.
272 753 321 818 13.
366 751 462 838 nites]
494 757 630 832 σιίλβσις
659 749 763 831 [Hom.
791 747 826 808 ll.
849 749 909 828 lll,
944 750 1016 816 392.
1044 759 1082 820 de
1107 757 1233 820 Paride:

114 853 229 920 Ilc'ilci'
255 881 287 920 aa
308 861 442 938 στίλβων
468 862 519 919 καλ
542 851 700 936 εἵμασιν),
735 849 865 931 λάμπεις
886 853 1033 934 t'l'lreccr.
1054 858 1132 936 XX,
1155 858 1235 940 Ἃ),

113 955 343 1038 ἄσασιραὶπιεις
365 957 461 1039 (nius.
487 956 557 1032 56).
586 957 636 1021 cll.
667 955 741 1018 λλον.
772 953 808 1018 C.
828 955 889 1035 lli,
918 953 958 1037 3,
985 955 1046 1034 25:
1086 958 1150 1020 Jam
1180 979 1236 1024 nec

114 1061 273 1122 Lacaenae
299 1058 492 1147 splendet
520 1057 677 1120 adulterae
699 1057 846 1120 Fanrcsus
876 1056 1092 1141 lrcspes,1V,
1116 1057 1173 1137 ll,
1198 1060 1236 1124 a:

116 1164 213 1224 crines
236 1163 367 1239 religata
390 1161 540 1239 fulges,
586 1161 653 1222 Huc
677 1161 767 1222 etiam
790 1163 943 1242 pertinere
965 1162 1087 1230 videtur
1108 1161 1136 1221 in
1150 1181 1196 1222 v.
1208 1163 1239 1228 9.

115 1265 193 1346 quad
209 1265 324 1343 legitur
346 1265 406 1343 „te
426 1265 534 1325 iruitur
548 1281 615 1326 aar
626 1262 704 1342 ea,“
724 1282 783 1346 qua
797 1263 913 1343 quidem
928 1262 1133 1344 appellatione
1156 1283 1241 1328 ama·

115 1372 198 1431 tores
217 1366 425 1429 meretriculas
446 1367 583 1430 solerent
592 1363 857 1446 ,dncxcpatacdaa
874 1364 1031 1448 Aristapln
1046 1364 1125 1430 Acir.
1139 1366 1241 1432 1200:

117 1465 285 1550 φιλήσατόν
303 1453 542 1550 paraclitensis,
561 1462 587 1532 ὦ
609 1473 772 1552 xpectat.
859 1525 867 1538 r

555 1658 722 1742 Carrei
772 1655 805 1736 6.

216 1787 310 1852 Utin
334 1787 492 1852 Prooemic
524 1792 582 1853 iam
610 1711 814 1866 dictum'est,
841 1789 943 1868 priora
967 1788 1086 1852 Horatii
1114 1791 1245 1855 carmina

7 1969 8 1972 Ἴ
116 1892 224 1955 melica
247 1910 288 1954 ex
302 1892 457 1956 Homeri
482 1894 670 1970 potissimam
692 1891 858 1954 imitatione
881 1891 1026 1969 pendere,
1049 1892 1095 1953 sic
1116 1909 1171 1972 per
1191 1896 1240 1958 ta·

118 1997 178 2054 tum
199 1992 257 2054 boc
277 2010 396 2055 carmen
420 1995 613 2072 praecipuum
636 2011 673 2054 ac
705 1992 893 2054 manifestum
919 1991 991 2053 illud
1021 1993 1150 2055 imitandi
1174 1998 1245 2057 stu·

118 2097 197 2158 dium
214 2095 454 2168 animadvertere
467 2093 550 2174 licet,
571 2095 720 2176 siquidem
735 2094 837 2158 statim
851 2095 889 2155 ab
906 2094 989 2155 initia
1003 2095 1099 2176 ipsam
1113 2095 1244 2160 Maea-

4 2230 7 2278 j,
118 2200 221 2261 nium
250 2183 384 2260 alitem
417 2198 564 2278 appellat,
597 2197 706 2259 deinde
734 2195 826 2260 vati
855 2214 941 2278 seqq.
971 2197 1036 2258 eius
1063 2196 1185 2261 iliadem
1214 2207 1246 2266 ct

119 2302 291 2382 Odyssean
317 2301 471 2380 describit,
494 2303 650 2381 utriusque
672 2300 811 2363 carminis
832 2299 1009 2379 principium
1029 2301 1062 2362 et
1077 2318 1244 2381 argumen-

2 2436 7 2459 «ι
120 2409 181 2468 tum
204 2405 233 2464 irr
256 2404 424 2465 memoriam
448 2420 612 2482 revocans,
633 2406 694 2466 tam
709 2399 828 2465 .vs.13.
850 2420 918 2482 sqq.
940 2400 1069 2465 Martem
1083 2391 1245 2475 Homerico

116 2503 255 2586 epitlretc
279 2508 457 2588 exerentem
486 2510 519 2568 et
547 2505 623 2566 duas
652 2523 802 2586 personas
822 2503 963 2567 berbicas
987 2523 1028 2567 ex
1053 2507 1105 2569 illc
1128 2513 1245 2591 prcdc.

6 2685 9 2698 Ι
118 2611 177 2688 cit,
205 2605 274 2670 hnic
296 2608 406 2685 generi
428 2611 461 2669 et
483 2603 613 2687 tragicis
632 2612 754 2691 poetis,
776 2608 903 2691 perinde
927 2611 1018 2691 atque
1040 2610 1186 2694 Pindaro,
1208 2621 1257 2682 se‘
1335 2660 1341 2666 .

118 2711 236 2774 viribus
263 2710 404 2790 imparem
442 2729 513 2773 esse
543 2712 687 2775 simulans
719 2725 883 2794 earumque
924 2713 1022 2773 munia
1061 2712 1246 2781 detrectans.

1 2890 9 2904 A·
114 2813 195 2877 ,Nam
219 2813 396 2909 grandes
427 2819 538 2893 poetae
571 2833 649 2897 qaus
689 2817 785 2877 vccat
819 2813 958 2890 dicuntur
996 2813 1048 2874 vel
1083 2817 1162 2895 epici
1193 2821 1247 2884 vel

1 2990 8 3004 .
120 2917 253 2994 tragici,
285 2917 478 2995 opponuntur
508 2915 644 2994 leves,
677 2917 727 2996 qui
758 2929 880 2992 semper
908 2916 1071 2975 versantur
1095 2915 1125 2974 in
1154 2918 1246 2982 rebus

120 3016 242 3078 levibns
275 3016 295 3076 i.
324 3032 351 3076 c.
378 3015 417 3076 de
448 3016 512 3077 rita
540 3016 684 3076 communi
710 3016 817 3096 petitis
850 3017 883 3075 et
918 3015 1051 3095 inprimis
1087 3021 1251 3106 amatoriis,

123 3116 189 3181 vld.
212 3135 260 3177 rr.
284 3113 335 3178 20.
353 3112 394 3195 1).
439 3116 515 3178 lluic
548 3116 645 3195 igitur
674 3118 853 3194 argumento
881 3133 942 3177 noa
959 3117 1038 3207 ,sine
1064 3135 1176 3197 magra
1201 3125 1249 3185 sl·

122 3219 294 3282 militudinis
315 3218 421 3298 specie
441 3235 483 3278 cx
501 3217 800 3280 Anacreontcia
823 3219 1000 3280 carminibus
1025 3221 1146 3299 primum
1169 3228 1250 3307 quud

123 3321 181 3398 Εἰς
211 3316 347 3400 κιθάραν
380 3320 552 3382 inscribitur
584 3323 690 3399 potest
718 3321 904 3400 comparari,
944 3339 992 3403 ap.
1023 3321 1138 3402 Bergk.
1161 3327 1251 3394 Puet.

122 3425 196 3504 Lyr.
218 3421 270 3484 Gr.
291 3419 421 3502 pylii.
445 3426 476 3484 et
498 3424 527 3484 in
550 3421 653 3486 Stallil
676 3421 802 3486 Anticl.
825 3420 863 3500 il,
887 3420 946 3486 22:

167 3524 258 3589 Θέλω
280 3517 419 3605 λέγειν’)
441 3522 608 3605 Ἀτρείδας,
708 3521 726 3592 c‘
748 3519 899 3608 βάρβιτος
921 3528 954 3588 δὲ
976 3529 1106 3606 χοριλαῖς

166 3629 252 3692 θέλω
273 3629 307 3690 δὲ
328 3623 455 3706 Κάδμον
476 3623 559 3712 ᾄδειν
572 3621 600 3703 ³)
698 3624 821 3710 Ἔρωτα
842 3629 959 3705 μοῦνον
982 3621 1053 3706 ἠχεῖ
1069 3635 1134 3693 art.

122 3757 328 3772 ——n—

177 3847 203 3906 1)
222 3837 281 3893 Non
300 3849 409 3910 praeter
427 3843 536 3898 salitum
553 3845 667 3905 leves,
692 3839 716 3898 la
737 3856 761 3899 c.
786 3839 847 3904 lab,
874 3841 970 3920 dassen
993 3842 1043 3898 Art
1066 3861 1099 3903 zu
1126 3846 1248 3904 lelcbacrs

231 3923 347 3982 Scbmm
364 3911 453 3996 cergi,
471 3926 530 3993 (ich
548 3929 627 3996 stage
644 3923 852 3998 Liebealieder).
878 3927 1002 3984 Berab.

174 4007 206 4075 2)
224 4007 361 4076 Atym
377 4029 412 4058 =
434 4008 524 4078 ᾅδειν,
549 4012 600 4064 wic
627 4009 676 4062 das
700 4010 746 4066 lai.
772 4010 896 4066 dicere
920 4015 974 4083 (vs.
993 4015 1025 4080 5)
1047 4013 1101 4072 aad
1124 4014 1174 4070 dan
1196 4014 1250 4069 ali-

227 4090 354 4146 deutsche
374 4108 487 4163 sagea
505 4097 532 4148 in
549 4094 607 4147 dem
624 4091 764 4146 Ausdrnck
783 4099 906 4167 „singen
922 4097 976 4151 aad
992 4101 1118 4168 sageu“,
1137 4114 1179 4152 wc
1198 4114 1250 4154 sa-

227 4190 292 4245 gen
312 4177 369 4230 siclr
389 4181 588 4249 rcrzugsweise
603 4177 653 4230 aul
667 4176 719 4230 den
737 4179 862 4248 episcbea
882 4178 990 4252 Gesang
1008 4181 1120 4242 berlebt,
1147 4182 1250 4242 Stoll.

174 4253 208 4323 3)
225 4255 258 4310 llt
277 4257 505 4318 Antimachus
523 4263 559 4331 (a.
576 4266 629 4318 400
645 4277 669 4321 a.
683 4261 760 4332 Cirr.)
777 4265 879 4320 lecerat
896 4270 924 4320 iu
939 4265 1087 4332 Thebaide,
1102 4269 1155 4322 nisi
1175 4270 1252 4324 malls

229 4341 381 4410 intelligere
407 4353 503 4416 poetas
524 4349 652 4417 tragicas.
688 4345 754 4400 Nam
780 4352 953 4422 praecipuum
975 4348 1027 4404 trec
1050 4352 1252 4423 tragaediarum

219 4429 411 4501 ¹argumentum
430 4443 462 4482 cr
481 4427 560 4483 duma
580 4429 672 4484 Cadmi
691 4433 812 4501 petitam.
