3072 5180
1226 375 1269 444 99

141 589 249 646 aanor.
294 559 367 625 indo
388 561 416 622 in
440 556 558 640 rnigur
583 560 761 652 receptum,
793 564 827 626 ut
855 563 969 643 poetae
997 559 1164 644 οπεφὰνοας
1191 567 1268 630 παρ’.

139 691 201 729 ααα
221 684 317 748 aeque
341 665 512 726 dicerentur
536 681 573 725 ae
596 663 717 726 πλέκειν
740 661 865 744 ὕμνους.
907 665 995 747 Quod
1018 667 1149 728 imitatus
1163 667 1268 732 Hora-

138 771 200 832 tius
223 770 321 831 dixit:
355 767 454 828 Necte
475 764 588 851 floreo,
622 765 723 853 Necte
743 788 812 829 meo
835 767 970 831 Laciniae
988 791 1151 849 coronam,
1181 771 1268 833 Pim-
1366 825 1372 840 ,

136 875 213 954 pica
234 873 353 933 dalaia:
381 870 411 928 in
445 865 557 947 quidus
578 867 669 930 iacilc
692 868 827 933 concedo
852 869 1006 933 Horatium
1029 873 1194 954 praecipua
1212 891 1268 936 re·

141 974 287 1053 spexisse
308 971 350 1034 ad·
370 969 593 1049 Pindarum,
618 971 709 1032 cuius
723 987 840 1032 manum
864 971 953 1032 etiam
980 973 1008 1032 in
1032 974 1230 1054 aequantibus

244 1094 275 1135 v.
298 1073 319 1136 9
340 1091 391 1154 sq,
431 1072 491 1134 Nil
508 1074 578 1133 aine
599 1079 629 1133 te
650 1073 714 1140 mci
734 1071 872 1134 Prosunt
890 1073 1023 1135 domoras
1181 1069 1195 1078 ”

143 1175 345 1255 agnoscimus.
389 1174 464 1235 Nam
490 1177 575 1237 recte
599 1173 656 1236 iam
677 1173 922 1250 Rutgersius
947 1174 975 1234 in
999 1174 1089 1237 Notis
1114 1175 1152 1239 ad
1171 1175 1203 1237 i.
1226 1174 1268 1238 ia

139 1277 256 1358 „Quod
276 1275 452 1338 honores
474 1295 531 1359 pro
555 1273 736 1339 carminibus
748 1265 851 1354 diruit,
882 1277 1015 1340 imitatus
1045 1280 1095 1338 est
1118 1278 1268 1348 Pinda-

139 1397 235 1457 rum,
259 1379 309 1458 qni
329 1379 505 1460 frequentur
526 1372 601 1458 τιμαὶ
620 1393 676 1456 pro
701 1373 829 1450 ἔπαινος
852 1377 1050 1459 usurpavit.“
1094 1379 1173 1443 Sunt
1188 1398 1267 1443 vero

141 1476 250 1541 αλυταὶ
281 1481 386 1558 τιμαὶ,
419 1479 527 1561 quibua
555 1479 664 1541 heroas
693 1495 766 1538 suos
794 1485 880 1543 ornat
907 1485 940 1544 et
968 1480 1007 1542 ad
1036 1483 1268 1549 immortalitatis

140 1580 309 1642 memoriam
331 1583 500 1660 consecrat,
522 1580 609 1642 Nem.
633 1579 688 1660 iX,
714 1579 773 1644 10:
807 1615 843 1626 -
860 1581 919 1626 '-
951 1574 994 1648 ὧν
1015 1577 1077 1666 tyci

282 1685 437 1761 μνασθεὶς
456 1675 805 1760 ἐπασαῆσια,κλαταΐς
828 1683 915 1765 ἥρωα
935 1697 1079 1766 τιμαῖς,

139 1803 197 1846 ααα
213 1803 312 1861 ‘secus
335 1788 426 1865 atque
451 1787 519 1866 ipse
541 1783 750 1848 Horatius-O.
773 1784 826 1864 IV,
849 1786 880 1865 9,
906 1786 948 1848 25
970 1805 1038 1867 sqq.

139 1915 144 1920 ·
243 1885 384 1948 Ceterum
418 1887 528 1947 Musae
568 1886 649 1965 apud
673 1883 914 1946 Alexandrinos
952 1901 1048 1964 saepe
1077 1885 1269 1964 Πιμπλῄίδες

139 1985 304 2067 (Apoiiom
328 1987 409 2062 Arg.
440 1984 470 2062 i,
497 1981 568 2066 95.)
606 1989 639 2048 et
668 1980 884 2072 Πιμπληιάδες
913 1982 1025 2065 (orph.
1057 1988 1107 2050 Fr.
1135 1984 1206 2064 46.)
1214 2029 1224 2064 ,
1251 2002 1270 2046 a

139 2091 300 2174 Πιμαλεία
324 2107 351 2148 s·
373 2088 555 2166 Πιμπληίδι,
581 2089 682 2148 monte
706 2087 739 2147 ei
762 2087 847 2147 fonte
870 2088 990 2150 Pieriae
1012 2089 1128 2166 (Strab-
1143 2087 1199 2167 lX,
1214 2085 1268 2152 25.

138 2212 169 2272 p.
190 2189 279 2269 410,
302 2189 408 2253 Schoi.
429 2165 537 2269 Apoll.
558 2189 595 2251 ad
618 2187 639 2250 i.
663 2194 705 2264 c.)
728 2191 978 2268 cognominatae:
1002 2192 1080 2255 unde
1104 2190 1281 2274 Pinrpiei‘

137 2294 186 2356 iric
226 2310 348 2376 quoquo
386 2279 490 2383 maluit
518 2291 687 2356 Bentleius.
723 2293 811 2378 ‚Sed
844 2293 943 2358 Codd.
974 2295 1110 2361 Latinam
1145 2297 1269 2386 iormam

139 2401 269 2460 tuentum
293 2383 454 2478 (Orati.)
591 2467 593 2472 ,
790 2455 792 2458 .
976 2461 977 2465 ,
1056 2451 1061 2462 .

240 2520 270 2561 ν.
295 2499 345 2562 ll.
381 2481 506 2562 ¹chcstio
521 2493 656 2581 plectro]
688 2493 767 2560 Vide
787 2499 928 2564 Prooom.
952 2521 981 2588 p,
1004 2481 1108 2565 xvn'iss'
1204 2545 1207 2550 -

501 2835 506 2838 -
561 2719 693 2800 tanin.
722 2721 753 2812 i,
782 2687 843 2797 27.
889 2825 891 2830 Ι

241 2919 297 2980 usa
328 2918 422 2996 μέλος
452 2914 600 2995 quoddam
635 2916 962 2994 „concinuerant
990 2910 1178 2995 dowraxdr‘ss
1208 2931 1268 2996 quo

141 3033 220 3099 quae
244 3019 273 3077 in
296 3017 379 3078 laeto
406 3015 551 3106 convivio
575 3033 640 3077 cum
650 3011 939 3102 amiciscclehrato
956 3015 1038 3097 παρ’
1060 3015 1135 3101 οἴνῳ
1150 3019 1183 3078 et
1195 3011 1270 3096 παρ’

7 3141 8 3192 3
139 3111 227 3182 αἶνον
255 3117 298 3199 (s,
327 3117 363 3177 in
393 3117 486 3179 'vino
511 3118 543 3177 et
572 3116 618 3177 ad
639 3115 779 3192 vinum)
802 3116 885 3180 iacta
906 3119 967 3209 sint
988 3117 1085 3198 tyriae
1108 3137 1144 3182 ac
1165 3118 1270 3199 potius

139 3220 302 3282 dramatico
330 3219 492 3298 describit,
519 3221 582 3298 „et
610 3220 639 3280 in
670 3219 784 3280 medias
815 3235 886 3299 res,
906 3237 975 3280 non
996 3239 1087 3282 socos
1112 3239 1149 3284 ae
1167 3223 1268 3298 notas,

139 3322 307 3384 auditorem
330 3321 451 3401 rapit.“
494 3321 627 3383 Sodaies
652 3324 728 3384 cuim
753 3323 824 3400 uino
846 3323 902 3383 iam
924 3321 1039 3389 calidos
1060 3324 1128 3405 ipsc
1150 3322 1266 3386 arixis

137 3425 250 3488 retinet
273 3427 305 3489 et
326 3424 365 3484 ad
386 3421 498 3485 hiiar'cs
527 3423 620 3485 iocos
634 3423 928 3504 revocat,e,iudicra
953 3411 1132 3508 quaestione
1155 3426 1204 3486 uni
1225 3442 1278 3487 ex.

136 3527 174 3587 iis
198 3526 316 3589 Graeco
340 3527 466 3606 quodam
490 3525 610 3586 bibendi
632 3543 714 3586 moro
738 3523 784 3607 (v.
807 3527 844 3589 ad
870 3523 986 3606 vela.)
1007 3530 1187 3609 proposita,
1214 3529 1267 3588 ta-

136 3627 177 3688 iia
198 3628 315 3689 omnino
344 3629 516 3690 convivium
539 3627 650 3691 decere
678 3615 824 3691 indicans.
868 3627 1138 3691 Anacreontis
1168 3631 1269 3692 autem

138 3722 325 3810 exenrirlum,
359 3731 440 3812 quod
475 3734 507 3791 et
542 3731 571 3791 in
604 3730 732 3794 exordio
764 3734 796 3792 et
824 3731 853 3790 in
881 3734 948 3793 toto
984 3749 1101 3808 genere
1130 3731 1268 3794 carminis

137 3834 332 3913 sequeretur,
357 3835 426 3894 ante
448 3831 553 3894 ocuios
574 3832 602 3893 ei
626 3832 722 3892 inisse
754 3831 811 3892 iam
833 3836 960 3895 veteres
974 3833 1165 3897 scholiastae
1189 3852 1267 3916 pro·
1338 3913 1345 3924 ἱ

137 3935 288 3997 diderunt:
333 3932 431 4015 „Ode
454 3929 660 4015 montesauro*
691 3933 797 3996 estad
824 3933 1022 4018 hilaritatem,
1050 3937 1136 4000 euius
1156 3953 1266 3998 sensus

137 4039 254 4100 sumtus
286 4040 336 4100 est
370 4055 412 4098 ex
447 4034 642 4099 Anacreonte
669 4038 698 4098 in
728 4037 805 4100 libro
834 4040 964 4101 tertio“
1021 4037 1260 4119 Porphyrio.

137 4138 283 4202 Similiter
306 4137 532 4204 commentator
557 4135 764 4220 Oruquianus,
799 4143 850 4223 qui
872 4142 949 4203 idem
971 4143 1068 4222 ipsum
1088 4139 1145 4200 iam
1165 4139 1262 4218 iocum

138 4258 210 4320 „ex
234 4242 429 4306 Anacreonte
451 4241 528 4304 libro
551 4240 676 4305 tertio“
705 4243 833 4324 protulit
862 4246 894 4304 et
924 4242 1036 4323 primus
1063 4260 1128 4304 cum
1157 4241 1261 4304 Hora-

137 4331 227 4405 tiaris¹
250 4344 448 4425 comparavit.
493 4341 581 4408 Hunc
602 4344 751 4408 Hemicus
773 4343 959 4425 Stephanos,
985 4345 1144 4409 Lambinus
1167 4347 1262 4416 ceteri

136 4447 234 4506 secuti
259 4455 338 4508 suunt.
384 4445 496 4506 Eadem
521 4463 584 4506 cnm
600 4447 684 4508 initio
702 4447 835 4506 eiusdem
852 4449 989 4510 carminis
1007 4451 1149 4510 serravit
1162 4447 1261 4508 Athe-
