3064 5206
178 333 183 341 x
279 376 341 444 tm

282 564 444 647 ριζῶστριι
461 561 594 640 iaciunt,
620 563 654 622 ut
683 559 721 620 de
751 558 903 620 taeniis
926 555 1201 639 lemniscisque
1225 570 1402 619 coronarum

283 664 437 727 dicendum
460 678 532 726 esse
557 663 716 741 videatur,
739 659 875 740 quoniam
897 658 941 720 rie
965 658 1064 736 vulgo
1084 679 1185 722 neree
1202 662 1328 743 plcidpru
1351 681 1402 722 co-
1465 661 1473 680 ⁸

280 787 376 830 renas
391 766 509 829 Horatii
529 765 722 850 interpretari
735 763 857 826 malunt.
888 760 1036 822 Videntur
1053 764 1152 823 autern
1166 762 1283 825 illorum
1304 764 1403 825 vittae

280 861 389 930 laneae
410 886 480 930 esse
499 867 606 930 ludicri
626 865 754 929 victoris
775 868 909 926 ornatum
930 864 1119 925 simulantes.
1162 864 1299 948 Uterque
1316 865 1404 943 eninr,

238 1045 240 1050 Ι
283 975 318 1034 ο1
340 973 463 1052 opinor,
493 971 580 1033 animi
603 985 714 1056 caussa
736 967 813 1028 inter
833 964 944 1046 pocula
964 983 1096 1029 coronae
1117 985 1192 1030 suae
1213 969 1329 1030 taenias
1352 967 1404 1029 vel

283 1075 351 1156 ipse
374 1073 532 1137 addiderat
560 1071 613 1134 vel
643 1090 661 1133 a
692 1067 849 1130 sodalibus
872 1065 942 1128 addi
973 1065 1031 1129 sihi
1058 1085 1169 1146 pausus
1197 1074 1282 1148 erat,
1317 1071 1406 1151 quasi
1469 1131 1472 1140 1

283 1178 397 1239 maiore
425 1172 524 1256 aliquo
551 1172 714 1238 certamine
741 1170 877 1232 ludorum
905 1169 1049 1247 vicisset,
1077 1170 1161 1232 cuius
1185 1189 1222 1233 ee
1252 1173 1405 1250 insignius
1515 1153 1516 1232 Ϊ

283 1282 351 1342 erat
370 1279 551 1360 praemium,
581 1274 608 1335 si
635 1289 767 1336 coronae
795 1273 888 1336 additi
916 1272 1049 1334 lemnisci
1077 1269 1251 1355 cssent¹⁵].
1296 1273 1406 1357 Atque

319 1501 366 1568 15)
384 1497 458 1554 Prnd.
477 1491 520 1550 01.
545 1499 577 1558 9,
596 1499 646 1552 90:
671 1485 762 1560 ἦλθον
785 1487 915 1558 τιμάορον
931 1486 1087 1556 Ἰσθμίαισι
1104 1487 1319 1560 Λαμπρομοὲχον
1344 1493 1408 1561 μί·

384 1599 495 1652 τροις.
520 1579 565 1632 nbi
587 1581 689 1642 mitris,
707 1578 818 1630 notante
835 1571 989 1639 Boeclririo,
1008 1573 1195 1643 significantur
1212 1573 1339 1630 Isthmiae
1358 1593 1405 1632 co-

385 1681 485 1728 ronae,
505 1679 573 1736 quae
590 1664 644 1717 illis
663 1660 762 1730 imponi
778 1656 910 1711 solebant.
933 1654 1039 1712 schol:
1062 1663 1194 1728 pisper
1218 1659 1271 1730 γὰρ
1292 1659 1407 1716 ἔνδοθεν

387 1748 444 1804 τῶν
457 1747 600 1816 στεφάνων
614 1745 661 1799 soi
676 1741 834 1810 διαδήματα
847 1741 959 1793 ποικίλα
971 1735 1088 1794 εἰώθασι
1101 1739 1216 1797 συνδεῖν.
1242 1745 1406 1804 Hincisthm.

386 1835 506 1889 ierim:
530 1829 656 1898 λάμβανλ,
670 1823 700 1880 οἱ
715 1828 866 1894 στέφανον,
884 1826 947 1894 φέρε
965 1820 991 1877 d’
1000 1821 1135 1891 εὔμαλλον
1158 1825 1309 1900 μίτραν,
1337 1833 1407 1887 unde

387 1917 465 1972 simui
483 1914 645 1984 intelligitur
664 1915 768 1964 mitram
787 1923 820 1963 ex
839 1909 901 1962 iana
920 1908 1069 1964 conlectam
1087 1923 1156 1964 ease.
1191 1911 1266 1968 ridde
1284 1917 1324 1970 ihi
1339 1932 1407 1988 qno-

366 2016 441 2072 sque
468 1998 573 2053 Soloi:
598 1993 778 2064 εὔμαλλον
801 1992 830 2046 di
853 2001 987 2062 μίτραν
1010 1991 1062 2059 τήν
1083 1994 1194 2049 cerviae
1215 1997 1266 2065 τήν
1283 1999 1313 2065 ἒξ
1334 2002 1407 2072 ἐρίου

388 2081 496 2148 ξανθοῦ
514 2085 570 2139 τοῖο
586 2080 728 2151 οτεφιὶνοιο
745 2077 991 2150 neceni-enemim.
1028 2075 1111 2132 Plura
1127 2079 1274 2138 Boooklr.
1294 2087 1331 2141 ati
1346 2089 1362 2141 i.
1374 2104 1406 2142 ex

389 2165 430 2220 01.
451 2181 472 2221 c.
492 2183 518 2235 p.
538 2170 597 2222 193.
626 2169 653 2216 et
676 2161 814 2217 Krause
839 2166 871 2220 in.
892 2162 963 2216 libro
989 2178 1038 2216 suo
1058 2161 1182 2234 Olympia
1206 2185 1230 2236 p.
1250 2175 1308 2226 162.
1344 2171 1408 2234 Noli

387 2259 476 2305 tamen
495 2266 552 2304 curu
571 2250 625 2303 iilis
644 2263 759 2303 coronas
778 2246 895 2300 ludicras
915 2245 957 2300 iris
976 2249 1093 2302 mitris
1109 2253 1166 2305 sive
1185 2257 1322 2309 taeniis
1340 2261 1406 2322 ‚im--

389 2339 507 2406 positas‘
530 2334 580 2387 tihi
604 2333 722 2402 lingere,
751 2335 820 2387 sicut
844 2330 1007 2386 sacerdotali
1032 2333 1134 2388 tasciae
1159 2351 1180 2389 s.
1204 2339 1305 2393 insulae
1332 2343 1407 2397 irone

389 2421 466 2476 oleae
484 2426 530 2473 ert
549 2423 628 2473 etiam
647 2418 717 2472 lauri
741 2417 943 2487 imponebatur:
973 2417 1002 2471 id
1026 2419 1098 2489 quod
1122 2427 1215 2489 aperte
1237 2437 1303 2477 sane
1329 2425 1408 2481 docet

388 2512 465 2560 uetus
483 2503 589 2575 qnidam
607 2507 701 2556 auctor
720 2516 763 2572 ap.
781 2501 876 2556 Athen.
894 2501 958 2569 XV,
984 2507 1036 2562 677
1055 2517 1085 2558 a:
1111 2502 1154 2558 διο·
1171 2513 1225 2560 ιιι1
1246 2507 1333 2576 τούτῳ
1354 2510 1410 2578 (τῷ

389 2593 494 2659 στέφει,
512 2586 660 2655 στέμματι)
673 2584 773 2656 πρώτῳ
790 2584 1044 2656 στεφανωσάμενοι,
1062 2586 1185 2655 dariusque
1200 2595 1408 2660 περιτιθέμεθα

390 2675 440 2728 τὸν
456 2671 598 2742 δάφνινον.
625 2677 651 2724 et
669 2670 818 2746 81111111ιί11
836 2671 921 2726 Theb.
943 2671 977 2736 li,
993 2679 1040 2731 98:
1065 2675 1112 2725 sed
1128 2675 1200 2740 sclao
1220 2679 1339 2728 cucurrit
1358 2681 1407 2730 In-

389 2763 447 2828 sula
463 2775 512 2826 per
531 2759 618 2810 crines
635 2757 796 2828 picturaeque
807 2761 922 2811 innectes
941 2760 1028 2810 olicae
1039 2761 1168 2811 Vittnront
1178 2762 1299 2824 provenit
1313 2762 1407 2825 dones,

390 2848 409 2900 i.
431 2860 454 2900 e.
478 2845 610 2914 utrimque
628 2859 660 2896 ex
684 2843 798 2898 iniuria
823 2850 969 2914 coeperunt
988 2843 1137 2914 dependere
1162 2845 1287 2911 vittae,
1308 2847 1407 2916 quibus

391 2935 489 2984 innexa
509 2936 535 2983 et
551 2931 652 2982 intorta
671 2935 730 2982 erat
751 2930 825 2993 olea;
855 2935 881 2982 et
903 2928 950 2982 aiii
973 2928 1041 3008 a'pud
1064 2926 1286 2982 Paschalium
1309 2931 1408 2987 (ieron.

390 3015 435 3080 iv,
454 3021 497 3069 2¹2.
520 3031 536 3084 p
563 3022 623 3073 277.
659 3013 758 3083 Nempe
782 3014 883 3068 iniulae
908 3015 967 3078 isti,
995 3027 1064 3083 quae
1088 3015 1164 3082 prior
1187 3019 1214 3065 et
1237 3018 1328 3084 potior
1351 3026 1409 3073 erat
1515 3007 1516 3014 ¹

389 3113 454 3168 pars
474 3102 502 3152 in
524 3086 692 3152 sacerdotali
704 3101 791 3164 cultu,
810 3104 881 3154 inter
900 3113 979 3153 sacra
995 3097 1105 3152 frondea
1126 3099 1189 3152 illae
1207 3103 1407 3172 superimpone-

391 3186 504 3249 bantur‚
524 3188 588 3254 quia
607 3187 762 3239 sacerdotes
782 3191 834 3238 tum
855 3199 909 3238 non
922 3185 1007 3238 eolurn
1027 3183 1163 3238 candidati
1182 3189 1208 3238 et
1224 3186 1340 3252 infulati,
1362 3187 1409 3241 sed

391 3273 471 3322 otiam
490 3274 519 3321 ut
533 3285 624 3323 omnes
643 3273 749 3322 omnino
767 3269 950 3323 sacrificantes
966 3271 1006 3322 sic
1022 3272 1075 3339 ipsi
1089 3285 1195 3339 quoque
1213 3275 1335 3325 coronati
1350 3288 1408 3326 esse

352 3391 354 3395 -
391 3353 538 3407 debebant:
566 3369 643 3423 quum
669 3357 777 3408 coronis
798 3353 943 3424 olympicis
964 3352 1079 3422 aliisque
1105 3368 1174 3422 quae
1193 3361 1270 3409 erant
1292 3360 1409 3426 praemia

391 3440 519 3491 uictorum
549 3441 692 3492 taeniae
719 3447 799 3510 etque
826 3440 988 3493 lemnisci
1018 3453 1073 3490 non
1100 3453 1205 3508 semper
1236 3441 1339 3509 quidem
1363 3439 1408 3494 sed

393 3524 548 3593 plerunque
572 3527 599 3576 et
621 3525 732 3577 maioris
757 3523 868 3578 lionoris
893 3537 990 3576 caussa
1016 3523 1276 3591 superadderentur,
1304 3532 1332 3578 nt
1356 3541 1409 3579 non

393 3611 477 3662 minus
496 3613 588 3676 aperte
610 3607 702 3678 colligi
727 3615 818 3679 potest
837 3623 869 3661 ex
890 3606 942 3660 hoc
967 3606 1027 3660 loco
1053 3606 1191 3672 Philonis,
1221 3617 1275 3678 que
1304 3616 1411 3678 praeter

391 3695 461 3747 aiios
478 3691 546 3746 idem
568 3689 723 3746 Paschalius
744 3697 826 3747 utitur
844 3691 905 3746 Cor.
924 3691 968 3757 lv,
987 3699 1010 3750 8.
1031 3711 1054 3763 p.
1075 3699 1142 3752 229:
1168 3691 1248 3750 odric
1263 3693 1412 3765 παρελθών
1462 3699 1467 3712 “

390 3780 426 3832 τοὶ
439 3781 555 3848 βραβεῖιι
573 3783 620 3830 κοιλ
637 3775 687 3830 cdv
704 3782 816 3847 φολνιιιοι
837 3773 936 3833 οἰνάδος
952 3783 999 3830 οιαὶ
1015 3775 1264 3847 στεφάνωσον,
1283 3776 1309 3833 et‘
1326 3779 1411 3839 θέλει,

390 3868 451 3916 aci
474 3863 554 3917 τοῖο
578 3866 743 3917 corsicae
766 3859 956 3928 οἶνᾶὅηοον.
1002 3860 1036 3916 iit
1060 3866 1100 3918 eie
1124 3861 1365 3931 Potiuxlil,152.
1386 3872 1414 3920 et

391 3949 473 4000 ceteri
491 3961 582 4000 emrres
601 3951 645 4017 qui
667 3945 744 4000 huius
763 3948 803 3999 rei
821 3949 973 4000 accuratius
996 3951 1156 4003 mentionem
1177 3951 1277 4004 iaciunt
1297 3950 1328 4004 ιὸ
1348 3971 1412 4002 ται-

390 4028 488 4084 redcat
508 4035 569 4099 post
587 4031 618 4084 co*
643 4027 818 4100 στεφανῶσαι
836 4040 990 4091 memorant.
1031 4034 1126 4106 ltaque
1150 4049 1275 4090 coronae
1292 4036 1412 4089 ludicrae

391 4121 550 4186 ceteraeque
567 4116 692 4168 victrices
711 4122 738 4170 et
759 4115 875 4182 torales,
902 4120 930 4172 ni
949 4118 1045 4186 telier,
1071 4123 1127 4175 suis
1145 4123 1243 4175 taeniis
1261 4123 1335 4175 velut
1352 4120 1411 4174 lirn-

390 4201 432 4254 bis
452 4198 609 4271 quibusdam
628 4198 749 4266 (πεζίτια
767 4199 864 4255 Suidas
887 4200 936 4256 ires
957 4206 1031 4274 ipsas
1050 4208 1156 4260 taeniae
1179 4207 1274 4268 vocet)
1299 4208 1413 4259 circum·
1515 4207 1516 4256 ζ

391 4284 524 4338 debentur
541 4291 621 4355 atque
639 4284 858 4352 implicabantur,
878 4297 906 4342 ut
928 4292 1034 4345 taeniae
1060 4297 1086 4344 et
1111 4296 1191 4360 caput
1206 4294 1415 4360 praecingerent
1515 4289 1516 4300 ¹

391 4371 417 4419 et
435 4380 561 4420 coronam
581 4373 664 4437 ipsarn
683 4385 736 4422 non
754 4370 839 4426 solurn
858 4373 1035 4445 colligarent,
1053 4376 1101 4431 sed
1115 4380 1195 4432 etiam
1217 4377 1417 4447 distinguerent

390 4456 470 4521 atque
495 4455 666 4518 inornarent,
693 4451 721 4505 id
747 4455 819 4524 qued
848 4463 959 4516 manime
988 4477 1078 4518 earnm
1103 4463 1200 4516 torulis
1226 4469 1253 4516 et
1279 4463 1417 4517 lemniscis
