3046 5224
277 357 405 420 141

280 543 360 606 ditus
388 543 447 608 unt.
493 538 635 607 cetemn
657 539 737 623 quod
765 539 876 604 Graeci
904 547 1021 623 σμῆνος
1041 561 1067 603 ε.
1086 538 1184 622 dontio
1206 547 1323 616 κακῶν,
1355 544 1419 610 νό-

279 665 343 707 σων
366 644 528 722 eleganter
545 643 658 723 dicum,
681 660 746 706 eam
767 661 850 705 nora
871 645 988 706 ratione
1008 645 1087 708 dixit
1101 645 1246 709 Horatius
1269 647 1418 710 cohor-

282 751 366 809 tem.
401 745 477 808 Nam
502 748 572 808 ante
596 763 763 808 eumnemo
784 743 855 806 hoc
877 763 1008 808 nomen
1033 746 1212 810 cohortis
1236 748 1418 810 talitrans-

280 847 393 910 latione
421 849 600 936 usurpavit,
633 865 720 929 qnurn
750 848 779 907 in
811 863 848 908 ea
883 865 916 908 re
945 865 1084 925 agmen
1114 847 1277 925 vulgarius
1307 855 1419 922 csset3

282 967 339 1011 nos
361 950 498 1012 similiter
519 947 746 1031 ‚‚Schwarm“.
775 946 847 1009 Vid.
870 947 979 1010 Blomi.
1004 949 1042 1010 ad
1060 949 1209 1029 Aeschyl.
1232 951 1321 1012 Pers.
1338 951 1418 1015 133.

284 1053 316 1114 et
334 1051 476 1133 Schoene
500 1053 536 1114 ad
562 1052 665 1132 llnrlp.
689 1047 801 1113 Bacch.
825 1048 900 1114 705.
924 1055 956 1113 et
979 1051 1036 1113 cir.
1057 1050 1092 1116 0.
1118 1051 1146 1132 l,
1172 1051 1234 1132 35,
1258 1049 1310 1114 31.

376 1165 417 1244 Ι0.
447 1181 499 1246 39.
536 1186 721 1246 ,necessitas
752 1181 838 1268 Leti}
874 1189 922 1247 est
954 1184 1076 1248 Homeri
1113 1197 1210 1266 μοῖρα
1241 1180 1420 1263 θανάτοιο,

289 1303 376 1366 quam
400 1285 505 1366 Eurip.
533 1283 624 1364 Hipp.
651 1281 745 1348 1388.
765 1285 876 1350 “Ardae
897 1287 1045 1368 μέλαιναν
1065 1284 1207 1370 νύκτερόν
1231 1281 1423 1368 7τ’(ἷνιὶγκιιν

287 1389 391 1447 vocat.
419 1383 627 1468 (otiosam).

392 1523 421 1564 r.
446 1501 499 1567 34.
540 1528 674 1572 vacuom
701 1506 791 1593 adra]
821 1527 903 1571 nove
928 1508 1037 1570 dietum
1059 1525 1186 1588 prorsus
1209 1503 1421 1568 ut'Graecum

288 1601 412 1684 ἕρημος.
456 1607 566 1669 Verum
590 1611 647 1671 iam
675 1613 754 1676 vidit
784 1609 941 1691 Muretus,
985 1609 1106 1671 Pindari
1134 1597 1201 1670 loco
1228 1607 1348 1689 prolato
1375 1627 1419 1670 cx

288 1704 337 1768 01·
369 1705 399 1786 Ι,
427 1705 466 1770 6τ
507 1707 621 1793 ἐρήμας
652 1710 689 1778 δι’
715 1713 864 1795 addicor:
889 1710 1012 1794 „durch
1042 1711 1090 1773 die
1114 1712 1189 1790 tide,
1212 1711 1260 1772 die
1283 1709 1415 1773 lraltloso

289 1807 377 1888 Luto,
415 1810 463 1871 die
486 1811 573 1877 hcine
600 1817 708 1880 Stitne
729 1816 866 1878 instato.
909 1815 983 1877 ltem
1008 1813 1098 1892 Virg.
1123 1811 1243 1892 0.]11,
1273 1811 1351 1876 109.

394 1965 426 2006 v.
450 1943 502 2009 36.
527 1949 704 2014 Herculeas
723 1947 824 2036 ledor]
847 1955 897 2015 cst
916 1949 1007 2014 dictio
1031 1946 1268 2042 celebratissima
1291 1950 1323 2008 et
1343 1945 1422 2007 illn-

293 2046 368 2106 stris
389 2045 490 2122 figora
512 2048 714 2132 Graecorum,
742 2071 800 2134 qua
821 2055 944 2132 primum
968 2051 1148 2128 intelligitur
1171 2051 1237 2129 ipsc
1259 2049 1426 2127 Hercules,

292 2144 399 2240 deinde
423 2147 487 2220 eins
509 2146 663 2214 laboriosa
688 2155 751 2224 rita
774 2156 940 2230 cogitatur.
994 2153 1081 2236 Quod
1106 2152 1181 2212 anim
1206 2151 1314 2219 Gracci
1339 2171 1422 2232 poc-

292 2246 342 2304 tac
367 2246 517 2306 constanti
545 2268 601 2309 usu
631 2255 713 2331 ,βίη
736 2250 953 2330 ‘Hecatonem‘
984 2249 1089 2326 (llonr.
1112 2249 1147 2310 ll.
1167 2249 1223 2328 XI,
1249 2251 1322 2316 690.
1363 2254 1426 2317 00.

292 2345 356 2425 Xl,
385 2343 449 2408 601
481 2345 587 2428 aliti),
624 2351 681 2430 „t'a
709 2346 916 2434 ‘Homudhoffl
946 2349 1038 2430 [Hes.
1069 2349 1128 2409 ul.
1152 2343 1250 2429 950),
1285 2358 1368 2431 ,,-,9ίη
1392 2359 1429 2416 et

292 2448 409 2520 σθένος
430 2444 632 2524 ‘Hraattow
656 2449 761 2531 [Poro.
785 2449 823 2514 Ο.
846 2451 901 2530 Xl,
926 2451 978 2514 26.
998 2451 1037 2510 fr.
1051 2449 1082 2512 5.
1098 2447 1151 2528 Β.)
1173 2465 1229 2526 pro
1254 2449 1321 2526 ipsa
1341 2470 1424 2528 per-

293 2549 541 2628 coracinorum,
564 2551 595 2611 id
609 2551 752 2613 Horatius
774 2551 926 2636 paululum
958 2551 1111 2612 variavit:
1145 2545 1216 2625 „Es
1231 2547 1329 2625 drang
1344 2551 1424 2612 iiber

294 2649 352 2712 den
385 2649 528 2714 Acheron
557 2651 611 2714 dor
641 2654 867 2735 ,ausduldendm
897 2651 1096 2717 arbeitsvollo
1123 2649 1314 2710 chhules“.
1366 2652 1423 2716 Sic

294 2770 421 2836 prorsus
442 2753 490 2818 hic
513 2755 599 2817 locus
624 2756 822 2838 explicandus
849 2757 992 2819 videtur.
1014 2755 1087 2816 Nam
1112 2754 1217 2814 sordet
1239 2755 1271 2814 et
1291 2753 1424 2832 languet

295 2860 409 2939 oratio,
439 2860 466 2921 si
494 2860 591 2923 omnia
621 2861 828 2924 transferimus
857 2862 893 2922 ad
924 2860 1058 2920 lacinus:
1094 2856 1221 2936 „habor
1249 2874 1275 2915 s.
1305 2858 1421 2919 lacinus

294 2961 435 3025 Herculis
464 2963 665 3044 periculosum
700 2967 874 3046 penetravit
905 2979 1000 3042 usqne
1033 2961 1071 3021 ad
1105 2959 1212 3021 Aeh.“
1270 2959 1310 3022 Ut
1339 2960 1368 3021 h.
1400 2962 1420 3022 l.

297 3063 553 3143 Peerlkampium,
583 3069 629 3128 sic
645 3065 682 3128 6.
706 3066 735 3144 Ι,
749 3065 808 3148 23,
827 3066 860 3128 0.
883 3063 1049 3128 Bentleinm
1074 3063 1194 3140 decepit
1223 3061 1299 3123 idem
1313 3063 1421 3124 Helle-

297 3164 420 3242 nismus,
443 3165 481 3225 de
504 3183 563 3246 quo
588 3166 652 3230 vid.
677 3166 864 3247 Bernhardy.
882 3168 973 3246 Synt.
993 3165 1044 3226 Gr.
1068 3185 1098 3244 p.
1121 3164 1172 3226 52.
1217 3166 1269 3225 Sic
1285 3166 1419 3245 Proper-

297 3266 369 3328 tium
395 3265 523 3328 maxime
554 3269 585 3329 ct
607 3266 768 3346 Virgilium
801 3272 921 3332 constat
942 3285 1024 3331 more
1049 3267 1231 3329 Graecorum
1259 3285 1420 3347 usurpasse

297 3367 491 3430 substantiva
513 3369 668 3434 obstructa
685 3390 740 3450 pro
763 3372 943 3450 adiectivis,
973 3389 1029 3432 nec
1053 3389 1150 3450 panca
1174 3370 1202 3429 id
1225 3386 1325 3446 genos
1342 3369 1419 3449 opud

298 3467 455 3532 Horatium
472 3469 627 3549 leguntur.
671 3474 825 3538 Permulta
847 3473 988 3555 exempla
1013 3469 1421 3550 congesseruntveohnerus

299 3574 330 3636 in
349 3573 501 3636 Hellenol.
524 3571 569 3653 ll,
591 3571 613 3637 8
632 3578 663 3637 ct
687 3576 845 3639 Lambinus
870 3573 1130 3654 0011006111,
1153 3575 1183 3652 5,
1211 3570 1260 3635 13.
1284 3571 1420 3636 Ceterum

301 3675 340 3737 de
364 3693 541 3738 aerumnosa
563 3677 629 3740 vita
651 3675 790 3759 ἡμιθέων
813 3682 853 3742 01.
869 3680 956 3742 Hom.
973 3678 1006 3740 ll.
1032 3677 1111 3752 Xll,
1131 3674 1181 3740 23.
1204 3675 1330 3737 Hesiod.
1345 3672 1420 3754 Opp.

303 3773 367 3840 156
388 3797 469 3860 sqq„
490 3779 575 3841 Pind.
599 3780 689 3860 Pyth.
711 3780 765 3862 Ill,
787 3779 831 3846 86
855 3782 901 3862 Β,
920 3779 1066 3860 Simonid.
1090 3777 1146 3843 Cei
1170 3781 1205 3840 ir.
1227 3777 1278 3842 31.
1303 3778 1372 3842 Sch.

405 3914 438 3955 v.
458 3891 510 3957 37.
553 3899 613 3960 Nil
639 3899 821 3964 mortalibus
842 3899 977 3960 arduum
1005 3896 1065 3982 eat]
1106 3899 1272 3976 Eleganter
1299 3896 1421 3960 reddidit

304 3994 486 4059 Graecorum
509 3999 700 4076 proverbium
731 3998 773 4075 ὥς
799 3995 888 4063 cnidda
915 3997 1102 4082 μερόπεσσιν
1125 3996 1294 4081 ἀμήχανον.
1324 3998 1419 4078 (Μο-

304 4097 408 4182 rot).
453 4100 531 4163 Hinc
559 4104 661 4181 patet,
683 4103 712 4164 id
736 4101 816 4183 qnod
840 4103 905 4164 tota
928 4103 1079 4163 sententia
1101 4101 1308 4178 confirmatur,
1334 4102 1422 4165 verba

304 4201 346 4262 ita
369 4202 579 4282 coniungenda
601 4221 689 4282 esse,
720 4207 754 4265 ut
781 4203 935 4264 arduum
958 4203 1124 4284 praedicati
1149 4204 1245 4265 vinem
1270 4203 1421 4266 sustineat.

304 4300 369 4382 Quo
386 4303 501 4383 quidem
516 4307 583 4386 ipso
601 4305 765 4384 coniicitur,
792 4304 866 4366 hano
889 4322 973 4366 unam
996 4303 1154 4366 lectionem
1179 4305 1333 4367 arduum
1352 4323 1420 4384 pro·
1497 4297 1498 4312 ¹

304 4402 369 4466 bari
385 4423 488 4485 posse.
812 4406 814 4410 ’
1011 4429 1013 4432 ·
