3046 5224
481 490 606 572 χειμῶνι
628 492 819 572 propiciare
840 485 963 576 μεγάλῳ
982 487 1067 569 μάλα
1079 487 1125 570 '.]·

481 587 584 674 nolp²J
607 594 666 672 μὲν·
683 586 746 674 γὰρ
766 587 875 664 ἄντλος
897 589 1065 656 turonibus
1087 588 1161 672 ἔχει,

524 701 668 774 λαῖφος
696 695 736 756 δὲ
757 695 834 756 πᾶν
857 689 1023 771 {sopior
1044 689 1112 768 ἤδη

565 799 631 860 καὶ
651 797 809 870 λακίδες
838 790 1004 874 μεγάλαι
1025 788 1110 858 κατ’
1132 785 1240 852 aoso·
1273 833 1279 838 -

483 892 646 982 potator’)
669 893 867 978 ‹l’e'a'yaopoa¹
1273 968 1276 976 Ι

275 983 400 1078 Ιητίζυς
424 1000 481 1064 boc
503 997 614 1059 Alcaei
634 1000 746 1079 poetae
767 999 796 1060 in
817 1016 852 1060 re
876 997 1030 1059 notissima
1051 992 1222 1072 exenuplum
1244 1009 1318 1052 sane
1342 992 1406 1052 ad-

275 1101 391 1162 modum
414 1100 571 1184 probabile
594 1101 716 1165 vidctur
739 1103 930 1164 obversatum
955 1117 1026 1160 erse
1048 1095 1175 1158 Horatio
1197 1093 1360 1156 scribenti:

681 1235 725 1289 ἡ
770 1237 810 1248 -
833 1203 949 1264 Nonne
969 1201 1076 1277 uides,
1098 1205 1133 1259 at

690 1305 821 1367 Nudum
837 1307 972 1386 'remigio
992 1305 1075 1364 lctus

586 1406 633 1466 Et
652 1411 754 1470 malus
774 1410 869 1469 celeri
889 1408 1016 1467 sauctus
1039 1403 1152 1484 Africo

586 1509 816 1590 Antennoeque
835 1515 965 1590 gemant
981 1526 1019 1566 ac
1037 1507 1106 1564 stne
1122 1502 1255 1583 fartibus

633 1609 691 1671 Vale
711 1611 829 1673 durare
850 1612 978 1671 cambae

673 1713 799 1774 Possint
815 1711 1008 1792 imperiosius

583 1811 738 1896 Aequor?
759 1812 831 1873 Non
851 1813 908 1873 tibi
926 1819 999 1872 sant
1012 1794 1144 1890 'integra
1166 1801 1276 1886 linteo}

225 1983 229 1992 ,
276 1916 334 1976 etsi
356 1915 468 1978 initium
495 1914 697 1979 tantummodo
717 1914 849 1975 imitatus
874 1914 964 1993 atquc
986 1911 1044 1973 alio
1070 1912 1164 1972 metro
1187 1926 1260 1968 usus
1285 1909 1345 1981 cst,
1368 1912 1402 1966 ot

276 2017 312 2077 ad
339 2019 436 2100 ipsam
460 2033 569 2098 navem
590 2020 729 2097 tanquam
752 2018 789 2079 ad
810 2015 1022 2097 rempublicam
1038 2013 1244 2074 Romanam
1268 2026 1402 2070 conver-

276 2120 313 2178 tit
335 2119 512 2178 orationem.
535 2116 610 2178 Nam
633 2135 718 2197 quam
743 2117 839 2200 libera
855 2115 1028 2179 Archilochi
1047 2115 1213 2194 Alcaeique
1236 2111 1401 2171 imitatione

276 2219 305 2277 in
327 2216 458 2292 singulis
480 2216 572 2280 rebus
602 2234 638 2277 ac
667 2216 772 2277 vorbis
800 2235 873 2279 usus
904 2218 960 2296 sit,
993 2217 1060 2295 ipsc
1090 2217 1235 2290 indicauit
1256 2215 1354 2294 Epist.
1376 2213 1401 2290 l,

277 2313 329 2395 19,
350 2316 409 2378 al:
440 2315 520 2378 Non
542 2317 672 2380 aliena
694 2335 774 2380 meo
797 2317 932 2397 pressi
954 2317 1066 2394 pede.
1119 2319 1182 2380 Sed
1205 2318 1282 2378 idem
1306 2316 1403 2376 timuit

277 2422 376 2478 tamen
396 2420 539 2497 „mutare
563 2409 703 2479 carminis
725 2418 819 2480 artem
829 2416 861 2476 “.
885 2416 986 2500 Quare
1009 2435 1075 2478 cum
1091 2417 1198 2481 Alcaei
1220 2424 1305 2480 certe
1329 2436 1401 2478 car·

276 2535 343 2578 men
367 2517 536 2595 allegorice
557 2519 813 2600 interpretandum
837 2520 888 2599 sit,
914 2521 995 2583 teste
1016 2518 1238 2601 Heraclide⁴Jt
1261 2520 1316 2590 uix
1340 2537 1399 2598 po-

277 2623 341 2680 test
363 2619 501 2699 coartari,
524 2620 593 2702 quin
616 2619 763 2684 Horatius
786 2638 914 2705 quoque,
938 2620 967 2680 id
993 2622 1073 2701 quod
1095 2623 1228 2683 nonnulli
1244 2621 1399 2701 lnlorpre-
1494 2669 1495 2674 1

278 2717 366 2804 tes⁵)
389 2739 547 2803 perperam
573 2727 788 2803 negaverunt,
825 2722 901 2785 banc
929 2724 1025 2801 ipsam
1053 2725 1191 2785 carminis
1222 2724 1395 2800 allegoriam

277 2823 410 2886 voluerit
430 2825 546 2886 imitari.
600 2824 756 2904 Agnoscit
785 2824 963 2902 allegoriam
993 2825 1049 2885 iam
1073 2825 1313 2906 Quintiliani
1338 2843 1395 2884 au-

278 2927 404 2989 ctoritas
428 2924 771 3011 17111,6,3.,44.,,το
794 2927 894 2989 demta
916 2945 952 2988 ea
973 2928 1067 2989 totum
1093 2945 1166 2988 sane
1189 2945 1306 2988 carmen
1328 2944 1398 2986 ncr-

278 3028 328 3088 vis
350 3031 382 3090 ct
411 3029 580 3106 argumenti
611 3027 746 3107 pondere
778 3031 908 3089 careret.
957 3027 1003 3095 Et
1030 3045 1108 3089 vero
1134 3029 1342 3110 antiquissima
1366 3050 1401 3092 ac

282 3246 486 3256 ——-—-

329 3392 359 3462 1)
377 3391 422 3446 Sic
441 3392 621 3458 Cocontlrius3
640 3393 794 3451 Heraclides
816 3394 912 3456 ιιαλάτ,
930 3398 999 3453 unde
1018 3398 1165 3461 sebonius,
1185 3395 1318 3465 probante
1333 3396 1398 3450 llor-

381 3491 478 3532 manno
496 3476 621 3533 Et-Dbl.
640 3497 666 3550 p.
687 3487 747 3544 688,
770 3483 891 3550 reposuit
914 3481 1005 3537 soltus
1035 3487 1053 3538 i.
1072 3501 1094 3539 e.
1115 3485 1222 3545 iunium,
1244 3482 1286 3535 cll.
1299 3481 1401 3536 lloratii

377 3561 483 3616 vorbis:
502 3563 790 3635 „Antennaoque
812 3574 945 3637 gemant
967 3581 1005 3622 ao
1031 3572 1108 3623 sine
1130 3567 1310 3622 ionibus.“

329 3663 360 3730 2)
378 3659 467 3797 lperm.
485 3659 537 3730 πὲρ
559 3663 618 3719 ie.
636 3665 713 3731 napi:
737 3668 760 3719 si
781 3664 838 3734 ττᾰρ
855 3681 961 3730 vorum,
988 3666 1145 3722 adverbium
1165 3672 1213 3720 est.
1250 3664 1361 3719 Schno
1373 3669 1399 3718 i-

407 3760 502 3798 ewrn.
558 3778 561 3784 -

326 3847 358 3910 3)
377 3841 475 3897 Forma
492 3843 604 3895 Aeolica
621 3857 646 3912 p.
664 3843 772 3911 χαλῶσι.

328 3942 359 4011 4)
377 3941 482 3995 Heraol.
501 3939 577 3994 Pont.
596 3939 611 3992 l.
631 3941 648 3995 l.
678 3939 733 3996 Tute
759 3941 921 4010 τυραννιιιιὲτ
940 3941 1061 4002 ἐξουσίαι
1087 3949 1211 4014 χειμερίῳ
1235 3945 1401 4012 προσεικάζει

381 4025 573 4094 καταστήματι
597 4021 746 4088 θαλάσσης.
781 4015 963 4091 Μυρσίλος
985 4025 1036 4093 γάρ
1062 4025 1077 4078 ὁ
1101 4025 1325 4094 ὃηλιῦμτνόι
1346 4029 1401 4084 ἐστι

380 4109 428 4162 καὶ
446 4107 593 4179 τυραννική
613 4105 685 4161 rarsi
700 4104 897 4177 Motrlpaaimo
913 4105 1069 4176 ἕγτιριιιὲιη
1086 4106 1222 4162 σύστασις.

332 4206 363 4274 5)
385 4205 415 4260 ln
434 4211 537 4277 iisque,
560 4212 589 4259 ut
605 4197 929 4267 videtur‚'Lacbmannus
947 4209 974 4258 in
993 4201 1077 4271 Epist.
1095 4204 1129 4257 ad
1147 4199 1292 4258 Frankium
1310 4212 1400 4271 p.237.

381 4289 503 4344 scribens
524 4288 596 4342 illam
618 4303 711 4342 navem
732 4285 785 4340 sibi
805 4302 859 4338 non
876 4285 1020 4340 Romanam
1035 4286 1139 4350 sideri,
1162 4285 1209 4341 sod
1226 4286 1318 4342 Alcaei
1337 4298 1400 4360 poe-

381 4379 439 4427 tae:
460 4390 535 4443 quem
557 4379 661 4428 constet
679 4375 809 4427 cecinisse
827 4370 920 4437 „ulum
939 4371 1020 4442 togae
1038 4371 1116 4440 mala,
1139 4374 1207 4426 dura
1225 4374 1309 4428 navis.
1320 4377 1336 4401 “
