3072 5180
300 367 343 434 54

301 551 369 614 Am.
390 548 443 628 lll,
464 547 517 612 49.
531 544 576 630 ¹),
597 549 724 631 eirrsque
747 549 859 612 initium
881 551 999 630 profert
1023 551 1110 613 Plato
1132 551 1159 611 in
1184 549 1323 614 Phaedro
1354 554 1429 619 243.

300 652 341 733 A,
365 651 488 729 Fragnr.
513 647 563 710 ll.
588 648 782 711 Schrrcirlew.
806 672 838 731 p.
861 649 941 714 330:

509 746 573 815 Oo’ar
593 748 657 814 ἔστ’
676 748 789 832 ἔτυμος
811 749 904 834 λόγος
922 744 1028 826 οὗτος·

509 848 579 916 olo'
599 850 675 931 ἔβας
694 852 726 916 ἐν
751 860 858 932 νηυσὶν
880 854 1060 934 ceratapon

509 950 580 1018 οὔδ’
600 953 666 1016 ἵκεο
687 957 833 1036 πέργαμα
854 961 982 1036 Τροίας.

303 1057 440 1120 Alterum
464 1056 636 1137 palinodiae
662 1056 831 1137 exemplum
854 1056 933 1137 apud
958 1056 1237 1119 Archilochum
1258 1061 1354 1122 luisse
1379 1065 1427 1123 ri-

302 1161 561 1240 retorquentem
589 1157 738 1221 coniicere
765 1159 840 1224 licet
862 1178 903 1222 ex
931 1160 997 1222 eius
1019 1159 1143 1238 Fragm.
1165 1159 1218 1222 41.
1250 1161 1335 1224 Lieh.
1360 1163 1427 1246 [65.

302 1259 536 1344 Schneidew.):¹
933 1259 940 1282 '

395 1361 585 1442 Ἤμβλακοα
606 1367 659 1426 καί
676 1362 740 1428 noi
760 1361 823 1427 τιν’
845 1359 937 1428 ἄλλον
957 1357 1102 1439 ἥδ”Ἀτη
1123 1357 1284 1441 κιχήσατο,

301 1465 380 1546 quod
400 1465 545 1526 Horatius
567 1467 595 1525 in
618 1466 721 1526 verbis
743 1465 833 1544 „lile
856 1480 1012 1546 quoque
1033 1463 1217 1544 pectoris
1241 1469 1426 1532 tentavit

301 1570 442 1628 fervor
473 1569 512 1629 et
534 1568 567 1628 in
591 1567 750 1629 celeres
771 1566 917 1628 iarnhos
939 1565 1048 1629 misit
1070 1567 1297 1627 furentem“
1318 1587 1425 1630 recor·

301 1670 366 1731 dari
388 1669 504 1749 potuit,
536 1687 712 1751 quamquam
741 1683 779 1727 ne
802 1684 843 1727 ex
866 1667 917 1728 illo
941 1668 1058 1749 quidem
1081 1669 1237 1731 versiculo
1269 1671 1423 1750 quicquam

301 1772 377 1834 certi
400 1769 548 1833 conficere
576 1770 659 1833 licet.
705 1769 768 1832 Sed
798 1767 856 1832 hoc
886 1771 985 1831 tanuen
1013 1770 1052 1833 ad
1074 1769 1250 1833 Archilochi
1278 1772 1420 1832 rationem

300 1873 426 1954 propius
448 1871 595 1935 accedere
618 1871 758 1950 videtur,
790 1869 870 1950 quod
892 1869 1036 1934 Horatius
1060 1871 1176 1952 culpam
1199 1891 1280 1934 suam
1302 1873 1422 1952 uimque

300 1975 364 2035 irae
388 1973 532 2036 humanae
555 1972 696 2035 affectata
717 1972 845 2055 quadarn
867 1975 900 2035 et
921 1974 1038 2036 adscita
1061 1975 1207 2037 orationis
1227 1972 1424 2050 magnificen-

300 2076 343 2137 tia
365 2091 569 2150 exaggerans
592 2075 810 2156 grandiloquus
832 2074 934 2136 delicti
956 2079 1075 2140 veniam
1098 2079 1187 2158 petit,
1211 2080 1243 2139 et
1257 2076 1323 2136 dum
1338 2073 1426 2136 voltu

301 2175 513 2254 poenitentiam
537 2176 667 2254 simulat,
691 2176 771 2237 intus
790 2177 874 2256 qnasi
897 2177 928 2236 in
947 2179 1013 2238 sinu
1035 2179 1125 2257 ridet,
1147 2182 1179 2241 et
1199 2178 1314 2239 omnino
1337 2177 1427 2237 iocu-

299 2275 375 2337 laria
398 2277 521 2339 tractnt.
573 2275 688 2336 litenlnr
720 2295 806 2356 quum
830 2278 923 2338 totum
948 2295 1068 2340 carmen
1092 2279 1211 2360 plenum
1236 2281 1276 2341 sit
1299 2278 1426 2356 ironiae,

300 2375 519 2439 tunnincola
543 2374 738 2454 Pythius,
768 2377 959 2458 luppiter
988 2381 1078 2460 ipse
1103 2399 1224 2443 ruens
1248 2381 1428 2459 tumultu,

300 2480 441 2542 Fertur
464 2469 813 2559 Prometheuscet„
837 2477 1060 2560 Compesce
1082 2486 1244 2546 mentem
1268 2501 1327 2544 non
1342 2483 1427 2544 serio

298 2599 383 2661 sane,
407 2579 463 2640 sed
483 2579 622 2659 prolecto
643 2580 684 2641 ita
706 2579 787 2643 dicte
810 2582 939 2644 suntab
964 2582 1103 2663 Horatio,
1128 2587 1160 2646 ot
1181 2585 1315 2649 sucatum
1341 2585 1426 2646 nito-

298 2703 359 2748 rcnr
379 2702 415 2746 ac
436 2683 578 2745 tumorem
602 2681 842 2766 ostentarent²].

400 2784 507 2866 ltaque
529 2803 615 2867 quum
631 2786 776 2848 Horatius
798 2787 922 2868 praeter
935 2786 1110 2850 Palioodlae
1131 2787 1254 2850 formam
1277 2807 1336 2851 non
1358 2805 1427 2848 ma-

299 2891 351 2970 gis
373 2888 432 2951 hoc
454 2888 585 2952 carmine
601 2887 810 2951 Stesichorum
833 2891 884 2951 aut
894 2888 1106 2955 Archilochum
1125 2891 1256 2952 imitatus
1276 2890 1318 2951 rit
1338 2907 1428 2970 quam

299 2995 401 3075 priore
420 2990 472 3051 ille
494 2988 718 3071 Bacchylidem,
740 2990 886 3055 Graecam
909 2995 1009 3054 tamen
1033 2992 1230 3054 cinationem
1253 2991 1285 3050 et
1307 2990 1428 3052 doctri-

297 3114 362 3157 nam
393 3095 423 3152 in
454 3094 583 3174 utroque
607 3096 736 3155 carmine
766 3093 858 3156 facilc
888 3111 1061 3172 agnoscas,
1092 3109 1267 3173 quamquam
1298 3090 1427 3152 lihcram

297 3194 379 3256 illam
401 3212 419 3255 a
441 3195 601 3273 proposito
623 3195 800 3275 exemplari.
1508 3183 1509 3196 ¹

398 3313 431 3353 v.
455 3294 487 3356 2·
527 3297 699 3357 criminosis
720 3291 844 3375 iambis]
877 3289 1065 3372 ὁβριστῆρας
1092 3287 1224 3366 ἰάμβους
1246 3284 1424 3346 Archilochi

294 3400 387 3458 vocat
408 3395 571 3473 Meleager
594 3398 699 3476 Epigr.
724 3393 838 3470 cxlx,
861 3390 892 3451 7.
902 3389 933 3471 ³)

396 3519 429 3560 v·
454 3497 530 3561 5—
547 3498 580 3561 9.
624 3498 698 3557 Non
720 3495 978 3572 Dindymene-
1011 3488 1127 3551 Troclea
1149 3497 1186 3549 ut
1203 3483 1285 3569 irae]
1317 3484 1421 3549 Grae-

295 3619 395 3662 corum
429 3587 605 3664 sententiam
629 3590 823 3672 Μαινόμεθα
844 3588 955 3664 πάντες
976 3587 1094 3654 ὁπόταν
1115 3585 1306 3674 ὄργιζῶμεδα
1328 3589 1421 3652 (lucie

293 3734 496 3747 ἡ*

395 3828 499 3882 Probra
517 3827 710 3894 Therapnaeae
730 3828 775 3897 qui
795 3825 899 3880 dixerat
916 3833 978 3882 ante
997 3829 1109 3881 maritae

463 3909 529 3964 hlox
549 3912 645 3964 cecinit
663 3909 756 3964 laudes
772 3911 947 3978 prosperiore
965 3911 1033 3981 lyra.

393 4075 556 4133 Disseldort
572 4080 652 4149 1833)
673 4096 696 4149 p.
714 4082 731 4136 5
749 4093 806 4150 seq.

384 4175 462 4232 Anth.
483 4175 526 4234 Gr.
545 4175 567 4242 1,
582 4193 606 4246 p.
623 4180 666 4234 34.
684 4177 714 4234 B.
732 4173 780 4233 Εἰς
794 4175 988 4245 Λαααμβίδαςε

494 4261 626 4330 Πιερίδες,
642 4262 671 4316 τί
684 4259 797 4334 αόρῃσια
815 4257 1029 4330 ἐφ’ὖβριστῆρασ
1045 4256 1159 4330 ἰάμβους
1235 4315 1238 4320 ,

527 4344 690 4415 Ἕτραὶπετ’,
709 4342 756 4411 οὐχ
775 4340 838 4410 doio
858 4350 926 4413 φωτὶ
943 4340 1134 4412 propriificaret&

391 4426 446 4483 Gir.
464 4429 526 4488 llor.
547 4431 575 4488 A.
597 4429 622 4487 P.
641 4438 676 4488 79
697 4437 722 4484 et
742 4429 820 4482 Ouid.
840 4427 1055 4483 iniuideam
1076 4441 1116 4495 aq.

346 3829 376 3893 ¹)

341 3992 374 4060 2)
391 3991 447 4047 Gir.
466 3993 640 4050 Willneri
666 3999 803 4048 comment.
821 3993 854 4049 de
872 3995 976 4065 aliquot
1000 3993 1163 4050 carminibus
1181 3990 1288 4066 lloratii
1307 3985 1417 4056 (Progr.

336 4175 368 4246 3)
