3046 5224
1282 399 1313 444 lx

183 572 268 649 ruunt,
300 572 332 631 et
362 571 431 650 ipse
463 569 552 631 etiam
575 569 763 632 listreius
796 571 893 632 falsus
922 573 986 650 est,
1016 570 1118 652 quiin
1141 571 1307 634 lloratlana

53 697 57 706 ¹
182 670 473 753 Prosopographeia
495 669 782 752 percensuerat,
806 673 967 751 „inprimis
989 672 1081 734 nuulta
1095 673 1213 738 Horatii
1233 693 1304 736 car-

181 775 259 835 mina
288 791 331 835 ex
356 772 483 839 Graecis
514 773 692 837 carminibus
720 791 871 852 expressa
893 774 1006 853 luisse,
1027 775 1112 836 culus
1131 777 1175 836 rei
1196 793 1304 838 exem-

180 877 262 958 plum
285 875 424 938 Catullus
441 877 625 960 reliquisset.
634 873 654 912 “
689 873 764 936 Nam
788 875 837 953 qui
859 873 950 953 paulo
971 878 1140 939 accuratius
1159 878 1190 937 in
1208 895 1245 941 ea
1269 897 1303 941 re

181 982 327 1040 versatus
353 978 425 1056 fuit,
446 976 535 1039 iacile
557 977 717 1055 invenerit,
740 993 800 1037 non
825 994 897 1037 esse
919 978 1145 1040 consuetudinis
1156 978 1302 1042 Horatia·

182 1099 239 1142 nee
263 1081 385 1158 integra
406 1078 591 1142 Graecorum
613 1080 742 1142 carmina
764 1079 929 1140 imitatione
952 1081 1125 1159 exprimere
1145 1083 1178 1142 et
1200 1081 1306 1144 eadem

182 1184 396 1245 sententiarum
415 1183 507 1259 serie,
529 1181 637 1242 nedum
656 1181 762 1243 iisdem
783 1181 899 1259 verbis,
922 1179 1028 1243 Latine
1046 1181 1186 1244 reddere.
1224 1185 1306 1246 lix-

181 1285 293 1346 ordia
313 1285 537 1362 carminum,
563 1284 640 1345 unde
661 1285 774 1346 initium
796 1282 913 1346 dicendi
932 1283 964 1343 et
989 1286 1177 1363 propositum
1197 1291 1307 1368 sumat,

182 1389 215 1448 et
236 1384 420 1466 principales
440 1385 690 1466 sententias,
716 1387 745 1446 in
768 1386 932 1466 conspicua
952 1384 1128 1466 plerumque
1145 1387 1231 1467 sede,
1253 1389 1307 1450 vel

181 1489 211 1550 ln
232 1486 380 1567 principio
401 1485 452 1547 vel
473 1486 502 1547 in
524 1486 619 1578 media
641 1491 729 1567 parte
744 1487 796 1548 vel
810 1487 839 1548 iu
854 1486 990 1549 clausula
1002 1487 1180 1567 collocatas,
1196 1491 1305 1571 quibus

182 1589 313 1652 earmina
336 1605 391 1648 sua
417 1587 585 1666 distinguat
606 1590 638 1651 et
667 1588 775 1653 doctos
801 1588 913 1652 amicos
937 1592 1059 1652 moveat
1083 1591 1137 1652 vel
1157 1591 1302 1674 oblectet,

181 1689 336 1753 aGraeeis
358 1691 534 1752 auctoribus
555 1693 697 1771 repetere
719 1689 817 1769 solet,
846 1690 879 1751 et
907 1708 984 1752 vero
1003 1691 1092 1755 etiam
1114 1692 1305 1774 multiplicem

181 1791 261 1853 illum
282 1793 455 1854 aerarium
480 1792 680 1855 orationis
709 1792 901 1870 ornatum,
925 1793 955 1851 in
977 1810 1037 1874 quo
1054 1793 1110 1855 vix
1128 1793 1305 1873 dicipotest

183 1894 369 1975 quantopere
391 1910 409 1953 e
433 1893 564 1956 Graecis
591 1893 654 1955 suis
686 1889 910 1968 exemplaribus
935 1891 1117 1972 pendeat⁹).
1164 1895 1207 1956 Ut
1229 1895 1306 1960 haec

184 1993 242 2054 sihi
266 1993 346 2055 iusta
375 2011 412 2053 ao
437 1992 615 2054 necessaria
644 2006 716 2050 esre
746 1989 884 2068 putavit,
913 1989 956 2051 ite
978 1989 1026 2052 luis
1053 1993 1119 2054 fere
1142 1994 1250 2058 linibus
1271 2017 1307 2060 se

184 2093 348 2171 continuit,
372 2090 436 2152 vid.
458 2091 536 2154 inira
558 2089 595 2152 de
618 2088 802 2154 Archilocho
824 2092 856 2152 et
876 2085 1025 2173 Euripide
1044 2095 1077 2157 et
1097 2097 1154 2159 cir.
1178 2099 1216 2161 de
1237 2099 1307 2180 Ly-

183 2197 256 2260 ricis
276 2194 317 2258 ad
337 2191 375 2258 Ο.
393 2191 417 2271 1,
431 2191 459 2271 l,
476 2189 498 2256 3
521 2195 553 2255 et
574 2191 713 2281 1‚18‚1.
735 2191 821 2256 Unde
844 2193 930 2254 simul
953 2199 1093 2278 apparet,
1115 2218 1203 2282 quam
1225 2201 1308 2264 lile·

185 2299 250 2360 rale
272 2298 300 2358 ei
322 2297 352 2357 in
373 2294 521 2356 imitandis
541 2294 725 2358 Graecorum
746 2298 903 2375 poetarum
924 2297 1102 2359 carminibus
1122 2300 1216 2365 fuerit
1234 2305 1306 2365 stn-

185 2401 282 2479 dium,
319 2398 493 2479 quantoque
516 2397 626 2460 iudicio
652 2399 685 2461 et
705 2399 771 2460 erte
791 2397 865 2458 illud
888 2415 1062 2476 aggressus
1086 2401 1144 2481 sit,
1172 2402 1249 2464 adeo
1273 2405 1308 2468 ut

183 2520 241 2563 non
271 2504 331 2564 tam
350 2515 451 2562 rerum
474 2517 510 2560 ac
533 2499 696 2560 verborum
717 2501 884 2563 novitatem
908 2519 944 2563 ac
970 2503 1154 2565 suavitatem
1174 2505 1212 2567 ab
1238 2505 1307 2568 aliis

183 2606 335 2667 mutuatus
359 2618 441 2680 esse,
463 2618 549 2681 quam
572 2604 648 2663 satis
673 2603 751 2664 sibi
778 2605 845 2683 ipse
868 2605 968 2665 fisus
999 2607 1032 2668 et
1057 2605 1199 2667 liberis
1231 2611 1306 2668 ve*

185 2704 353 2782 stigiis‚
382 2704 416 2764 ut
441 2717 517 2764 vere
543 2701 693 2779 gloriatur
715 2705 811 2784 llpist.
832 2703 864 2782 l,
887 2704 938 2784 19,
960 2705 1020 2788 al,
1050 2725 1105 2768 eos
1125 2706 1309 2772 subsecutus

185 2808 337 2886 ingenium
351 2822 446 2882 suum,
470 2820 543 2864 suas
558 2805 642 2864 vires
654 2805 684 2864 in
703 2805 809 2865 iisdem
825 2808 1013 2882 argumentis
1024 2809 1191 2870 tractandis
1206 2826 1309 2889 expe·

186 2909 237 2969 riri
252 2909 433 2986 omninoque
465 2903 503 2963 de
527 2902 627 2980 palma
649 2905 797 2966 cumillis
823 2907 957 2984 ipsorum
980 2907 1095 2966 artibus
1116 2909 1235 2969 certare
1247 2927 1310 2970 vo-

187 3010 281 3069 luisse
308 3006 409 3065 videri
436 3001 560 3063 debeat.
610 3001 655 3063 At
678 3019 755 3062 vero
782 3020 870 3084 quum
896 3007 965 3085 ipse
994 3008 1125 3084 ingenue
1152 3008 1312 3087 protessus

188 3108 275 3170 esset
295 3102 331 3169 Ο.
353 3102 447 3181 lv‚a,
472 3101 528 3165 aa
547 3118 583 3162 se
602 3104 718 3183 „apis
739 3122 842 3166 more
863 3107 1053 3189 modoque
1073 3106 1119 3169 ad
1141 3112 1310 3183 oarjmina

188 3202 415 3286 tingenda“
455 3221 506 3264 res
541 3220 714 3286 omnemque
744 3211 921 3286 apparatum
949 3211 1146 3291 undecunque
1174 3211 1312 3273 conferre

187 3327 289 3392 „per
310 3306 512 3388 plurimum
532 3305 763 3387 laborem‚“
801 3312 886 3372 recte
915 3309 961 3370 his
983 3310 1086 3374 moniti
1111 3311 1168 3371 iam
1190 3312 1311 3391 'pridem

187 3411 375 3492 interpretes
397 3425 452 3468 eos
472 3406 558 3469 locos
579 3408 770 3487 investigere
791 3411 978 3494 studuerunt,
999 3414 1077 3475 unde
1100 3414 1190 3474 vates
1204 3411 1311 3476 Venu-

188 3514 273 3574 sinus
295 3529 346 3591 „p
359 3511 489 3571 oetioa
513 3528 567 3571 sua
589 3510 730 3573 mella“
745 3515 981 3598 conquisivisset
988 3537 998 3590 3
1022 3534 1078 3578 nec
1096 3533 1134 3578 ea
1147 3532 1199 3575 res
1214 3518 1311 3577 omni-

190 3632 229 3675 no
249 3613 287 3673 iis
306 3611 420 3672 trustra
445 3612 519 3675 luit:
548 3614 597 3674 sat
625 3612 717 3676 multa
738 3617 769 3676 in
791 3635 848 3678 sua
867 3615 976 3678 horrea
998 3617 1205 3680 condiderunt.
1246 3615 1312 3681 Sed

289 3850 426 3899 manerent
444 3842 556 3899 Horatio
575 3845 721 3914 propria.“
762 3847 845 3904 liuius
869 3852 1016 3905 auctoritas
1036 3851 1132 3906 fefellit
1149 3857 1229 3908 etiem
1247 3853 1312 3909 lilit-

293 3928 479 3984 sclrerlicirium
497 3932 663 3998 saepissime,
682 3947 707 3985 u.
726 3933 761 3986 ad
779 3934 807 3990 G.
827 3935 848 4002 l,
868 3942 909 3994 18.
928 3951 965 3990 vs.
984 3943 997 3990 1
1019 3942 1045 3989 et
1066 3946 1105 3994 11.
1205 3947 1209 3956 ’

219 4025 272 4099 ’9)
293 4027 349 4082 llnc
370 4031 474 4097 spectat
487 4025 667 4080 Wenschii
693 4037 877 4087 commentatio
905 4033 964 4100 „de
989 4032 1093 4089 Horatii
1112 4034 1230 4090 Graecos
1254 4038 1313 4088 imi-

292 4112 368 4166 tandi
386 4110 475 4166 studio
493 4125 525 4164 ae
543 4115 648 4165 ratione
666 4113 756 4169 brevis
774 4121 933 4188 expositio“
951 4117 1104 4189 (Vitelnerg.
1123 4119 1222 4185 1829),
1240 4121 1315 4175 cuius

296 4194 363 4249 haec
380 4196 437 4250 iere
454 4209 555 4248 summa
573 4203 629 4250 est:
655 4197 819 4263 „Horatium
846 4210 873 4257 et
897 4204 924 4254 iu
955 4209 1098 4255 metrorum
1123 4203 1244 4269 ratione,
1269 4205 1315 4259 nbi

295 4285 384 4334 umen
403 4281 586 4336 severioribus
603 4296 667 4334 usus
687 4290 727 4337 est
743 4284 858 4355 legibus,
877 4292 903 4338 et
923 4287 951 4337 iu
968 4285 1111 4341 uerborum
1129 4292 1272 4353 structura,
1290 4296 1317 4342 at

296 4367 325 4418 in
351 4368 543 4420 sententiarum
564 4364 743 4420 adornatione
761 4383 842 4438 saepe
861 4370 951 4423 omnia
975 4367 1073 4426 debere
1092 4366 1216 4438 Graecis,
1234 4388 1316 4442 saepe

294 4463 360 4502 uero
377 4451 412 4504 iis
432 4449 571 4506 discedere
591 4450 755 4505 interiorem.
767 4453 784 4478 “
