3046 5224
1202 355 1244 426 33

138 579 141 584 ·
215 571 246 612 v.
269 548 300 612 6.
323 569 434 611 cursus
453 547 586 630 duplicis
603 565 662 629 per
679 565 767 608 murs
794 539 907 626 nuum]
932 541 1079 608 neonium
1098 543 1242 614 Ilnreiius

107 657 135 716 in
156 654 204 715 bis
225 655 438 730 argumentum
461 646 670 728 Odysseae
693 646 724 726 1,
753 648 785 708 l:

202 753 330 838 ’Ἀνδριι
356 787 394 797 -
417 747 631 832 πολύτροπον,
652 745 688 823 ὃς
705 747 790 830 μάλα
812 741 1107 829 condaturque,

104 860 188 920 sicut
208 857 289 918 idem
314 854 494 934 expressius
519 852 594 914 iecit
623 854 652 914 in
674 851 716 914 A.
738 851 772 912 P.
798 847 858 911 141
883 866 950 930 sq.‚
985 853 1017 912 ct
1041 849 1189 930 Virgilius
1210 859 1240 920 iu

106 961 191 1023 Aen.
208 960 354 1021 initio.-—-
372 958 428 1018 Du
438 954 560 1036 plicis
581 959 680 1015 nutem
695 950 861 1034 epitheton,
879 951 960 1034 quod
975 969 1057 1014 nove
1072 954 1159 1036 dixit,
1183 977 1242 1024 non

107 1081 150 1124 ex
173 1062 230 1124 illo
254 1061 371 1142 quidem
392 1059 461 1120 loco
489 1056 629 1136 repetiit,
660 1056 715 1117 sed
742 1057 842 1118 tumen
865 1051 1020 1132 Graecos,
1051 1055 1243 1145 inprimisque

108 1163 288 1245 Euripidem
317 1163 346 1222 in
368 1161 473 1223 Rheso
495 1156 572 1222 395.
595 1159 628 1218 et
647 1155 723 1220 423.
744 1156 785 1220 1).
808 1155 859 1219 cll.
881 1154 997 1218 Trnud.
1020 1153 1094 1222 isc.
1118 1169 1243 1229 secutus

108 1269 170 1345 cst,
196 1266 250 1346 qui
278 1263 404 1326 διπλοῦν
428 1258 527 1341 ἄνδρα
548 1260 643 1322 virum
674 1256 811 1321 callidum
835 1261 867 1322 et
888 1259 1060 1338 versutum,
1089 1279 1165 1324 veru
1185 1285 1244 1332 nou

110 1369 305 1448 eloquentem
332 1366 425 1427 vocnt
455 1368 487 1425 et
517 1362 577 1442 ipsi
600 1361 682 1423 Ulixi
711 1364 861 1442 δίπτυχον
888 1363 1031 1441 γλῶσσαν
1058 1364 1178 1430 tribuit:
1204 1370 1243 1434 dc

112 1489 175 1552 qua
195 1487 231 1531 re
251 1471 325 1548 post
345 1465 511 1527 Bentleium
532 1463 627 1525 odeas
642 1461 938 1526 nauriunnneonm
960 1461 999 1525 ud
1013 1463 1130 1530 Timaei
1151 1470 1244 1538 lexic.

113 1571 303 1634 Platonicum
328 1589 353 1630 s.
377 1589 408 1632 v.
430 1563 575 1642 διπλόον,
603 1567 655 1648 qni
684 1567 748 1629 iure
777 1566 900 1628 miretur
923 1564 1091 1630 Bentlcinm
1121 1589 1155 1634 rc
1183 1579 1243 1638 tum

6 1741 7 1744 ,
114 1675 194 1736 bene
224 1677 318 1752 gestu
351 1672 388 1731 ad
422 1671 626 1734 coniecturum
657 1669 815 1730 reducis
847 1669 1036 1746 confugisse.
1092 1671 1138 1736 nt
1168 1694 1244 1740 uero

114 1779 289 1848 Britannum
310 1773 461 1854 duplex
491 1772 580 1833 verbi
609 1773 731 1836 novitus
755 1771 957 1834 commovisse
989 1771 1130 1855 videtur,
1164 1780 1245 1859 quod

115 1899 231 1962 „nemo
254 1879 445 1953 Latinorum,
468 1876 603 1955 excepto
626 1874 653 1934 si
674 1873 756 1934 forte
777 1872 912 1952 Nostro,
932 1873 1077 1936 eiusmodi
1100 1874 1244 1942 bominem

118 1983 317 2062 duplicem
339 1977 508 2039 vocavit.“
552 1974 617 2039 Cir.
639 1974 760 2058 Quintil.
787 1973 904 2055 1X,u‚
926 1973 1039 2059 §.692
1075 1995 1116 2039 ex
1140 1982 1244 2044 verbis

119 2085 220 2146 dubiis
242 2086 274 2144 et
297 2079 411 2162 quusi
437 2077 612 2158 duplicibus.

218 2205 252 2246 v.
276 2179 328 2244 13.
375 2180 465 2242 Mars
486 2183 590 2242 irenica
613 2188 711 2241 tuctus
729 2177 936 2242 adamantina
959 2179 1144 2244 estilomcri
1168 2181 1250 2266 quii*

122 2311 191 2360 κεος
202 2284 302 2370 ’Ἁρης
324 2281 375 2365 (ii.
392 2280 435 2360 V,
452 2279 707 2361 lensensem,
727 2281 782 2342 cir.
797 2281 882 2344 Pind.
900 2282 948 2344 01.
961 2281 1018 2362 XI,
1037 2283 1087 2347 15.
1102 2285 1176 2350 istiu.
1191 2288 1245 2368 lll,

120 2387 172 2452 33.
196 2389 248 2468 Β.)
268 2388 306 2449 ud
329 2388 451 2448 formam
478 2381 702 2466 ,χαλκιοθώρηξ
736 2383 788 2463 (11.
813 2383 874 2466 IV,
898 2383 973 2449 448.
1001 2385 1089 2467 viii,
1117 2386 1244 2454 63511.

118 2492 214 2573 Soph.
235 2491 285 2554 Αἰ.
311 2486 381 2553 179.
409 2480 619 2567 χαλκοθώραξ
638 2481 808 2565 Ἐνυάλιος)
838 2487 892 2550 vel
914 2493 1038 2569 χαλκο
1044 2497 1167 2570 χίτων
1193 2493 1245 2576 (ii.

117 2589 333 2674 l,3il.elib.):
357 2607 434 2670 quse
450 2591 520 2650 sunt
535 2587 742 2650 Homerica
763 2589 903 2671 epitheto·
914 2590 1081 2654 militarium
1105 2595 1244 2658 virorum.

119 2681 192 2759 Nem
215 2695 347 2758 tunice
366 2675 396 2752 Ii.
421 2691 441 2752 l.
464 2694 515 2751 est
538 2691 668 2770 „ierreu
691 2691 820 2754 tunice“
838 2687 994 2756 -Vnrr'onis
1017 2692 1052 2753 1..
1071 2693 1107 2754 L.
1130 2695 1167 2774 V,
1193 2698 1244 2760 21.

219 2816 252 2857 v.
279 2792 328 2856 14.
357 2812 402 2874 sq.
457 2791 622 2856 Merionen
651 2794 789 2874 appellnt
812 2796 946 2876 pulnere
973 2793 1081 2855 Troico
1107 2800 1243 2878 nigrum,

119 2897 256 2981 quonium
275 2897 302 2956 is
316 2895 482 2956 Homero
507 2897 556 2957 est
576 2894 726 2956 idomenei
748 2897 857 2974 curiga
879 2900 951 2980 θοῷ
972 2891 1142 2970 ἀτάλαντος
1151 2895 1245 2978 'Aput

119 2997 172 3080 (11.
193 2996 285 3076 Χ111,
308 2993 380 3060 318.
402 2991 507 3078 538),
537 2991 636 3071 πόδας
656 2992 753 3077 ταχύς
773 2996 830 3082 (ili.
855 2997 947 3077 249.)
973 2996 1140 3077 diciturque
1164 3020 1194 3062 v.
1218 3021 1244 3064 o.

119 3092 295 3178 Ἀκάμαντα
316 3108 411 3179 κιχεῖν
435 3101 512 3161 ποσὶ
532 3101 774 3178 καρπαλίμοισιν
802 3098 855 3184 (11.
880 3099 972 3181 XVI,
1005 3097 1097 3181 343).
1148 3103 1244 3166 Huius

119 3201 216 3279 igitur
238 3200 346 3261 mentio
368 3219 425 3281 quo
449 3200 568 3262 doctius
591 3203 623 3262 et
647 3201 828 3282 exquisitius
851 3203 889 3263 ub
914 3202 1041 3266 llorutio
1069 3203 1152 3268 iectu
1181 3210 1242 3286 esi,

119 3321 157 3366 eo
178 3303 273 3362 minus
295 3302 448 3365 oiicndere
473 3302 577 3364 debuit
598 3303 857 3385 Peerlkamplum‚
879 3303 1059 3386 praesertim
1081 3306 1107 3366 si
1137 3310 1242 3396 persi-

116 3407 202 3468 miles
224 3405 311 3468 locos
334 3403 493 3485 Ο.1,15,
513 3402 632 3468 1313.
655 3403 708 3470 26.
730 3406 919 3470 contulisset.

220 3542 250 3583 r.
278 3519 328 3585 15.
349 3541 396 3603 sq.
446 3521 589 3603 iqdiden
618 3527 717 3587 eutem
746 3523 815 3586 ideo
846 3527 969 3607 superis
993 3545 1108 3606 parom
1140 3533 1244 3609 vocnt,

116 3625 256 3707 quonium
271 3622 435 3685 Diomedes
449 3625 611 3689 Minervae
632 3626 785 3707 praesidio
808 3625 1013 3687 ferocissimus
1034 3624 1086 3705 (ll.
1102 3624 1139 3706 V,
1150 3627 1167 3688 1
1179 3628 1244 3714 sq.)

116 3746 183 3790 cum
215 3723 272 3784 diis
303 3743 492 3803 congressus
522 3724 671 3790 Venerem
701 3730 732 3789 et
759 3727 890 3788 iiinrtem
919 3725 1094 3789 vulneravit
1131 3726 1244 3813 (liv,

115 3825 183 3892 335
205 3825 295 3907 sqq),
318 3826 347 3889 id
370 3827 447 3909 quod
469 3827 517 3890 iric
540 3829 583 3892 itu
604 3829 798 3909 conqueritur
817 3827 846 3888 iu
867 3825 998 3910 Olympo
1017 3826 1052 3890 li.
1068 3828 1106 3909 V,
1119 3827 1203 3897 883:

203 3925 349 4007 Κύπριδα
367 3933 425 4010 μὲν
445 3933 570 4012 πρῶτον
593 3923 705 4010 σχεδδν
732 3925 846 3993 cicccc
865 3927 942 4014 χεῖρ’
964 3931 1016 3996 ἐπὶ
1036 3937 1158 4021 καρπῷ,

199 4024 313 4110 Αδιδρ
336 4029 432 4094 ἔπειτ’
452 4029 538 4118 αδτῷ
557 4057 611 4114 μοι
632 4030 785 4096 ἐπέσσυτο
811 4037 974 4116 δαίμονι
994 4028 1095 4107 ἶσος.

116 4130 261 4195 Ceterum
284 4150 445 4215 perperam
469 4136 629 4199 Lambinus
652 4135 762 4218 aliique
783 4138 857 4216 post
875 4136 957 4197 illum
970 4135 1159 4197 Homericum
1174 4139 1243 4219 epi-

115 4233 222 4297 theton
245 4239 481 4310 θεοείκελος
503 4256 568 4300 cum
593 4235 741 4300 1οο1οοο
763 4241 984 4320 compererunt,
1007 4239 1146 4319 qnoniam
1171 4228 1245 4305 iilud

117 4353 238 4418 semper
268 4338 306 4399 ed
337 4337 433 4398 solum
459 4339 598 4419 corporis
620 4340 744 4404 iormem
767 4342 870 4404 diuino
892 4339 1053 4405 maiestate
1080 4345 1244 4410 circumin-

1016 4445 1038 4508 4
