3064 5206
173 345 175 348 ’
296 353 359 425 198

295 552 416 615 vatibus
437 547 516 611 roais
536 547 666 610 miscere
686 544 835 607 amabunt.
878 543 993 606 Plinius
1013 543 1090 608 ΧΧΙ
1100 546 1272 634 ,5(11),
1297 551 1331 638 6.
1355 553 1436 618 22:

295 653 410 716 Litium
443 672 536 712 rosae
571 649 736 711 nobilitato
761 665 951 729 proxumum
987 659 1080 710 eat..
1096 662 1175 714 ,ot
1210 657 1435 738 interpositum
1503 685 1504 688 ¹

293 763 388 822 otium
409 775 557 817 manauco
576 768 666 814 rosas
688 749 793 828 docet,
822 747 923 811 modu
943 761 1102 832 prouentu
1131 777 1242 818 eanum
1264 761 1460 841 incipiens.

292 860 421 924 Ouidius
446 857 513 920 Am.
535 854 579 933 u,
606 853 646 933 5,
676 849 745 914 375
785 851 887 928 Quale
915 871 1008 916 rosae
1025 857 1158 938 fulgent
1173 863 1256 921 inter
1275 865 1336 923 auu
1359 863 1432 924 tuta
1503 857 1504 894 ¹

197 973 200 978 '
292 967 443 1028 minuc.
472 960 521 1021 Do
544 959 636 1019 sertis
656 956 894 1034 compotatorum
916 955 1170 1024 Pseudanacreon
1193 958 1247 1043 34,
1269 960 1320 1026 6·

446 1061 449 1066 ’
593 1058 682 1140 Ὅρα
701 1054 758 1120 κᾶν
778 1053 975 1139 στεφάνωσιν
1091 1063 1095 1112 -'

593 1159 705 1234 Ὅπως
725 1161 839 1243 πρέπει
860 1155 899 1223 ια’
919 1156 1011 1224 λευκά

599 1258 724 1336 Ῥόδοις
744 1265 835 1346 κρίνα
857 1263 1022 1327 ntundnan.
1359 1347 1362 1356 γ

210 1396 217 1414 ¹
292 1373 332 1436 ut
355 1370 462 1432 miscet
485 1384 521 1429 ea
539 1366 688 1428 Horatius
712 1363 831 1447 quoque
853 1365 1021 1431 in'coroila
1042 1368 1215 1451 convivati,
1244 1390 1303 1453 qua
1326 1392 1425 1437 orna·

291 1481 340 1537 tus
359 1473 487 1554 sospitis
514 1471 599 1535 amici
619 1468 747 1531 reditum
770 1467 980 1536 celebraturus
1001 1473 1068 1552 est,
1093 1470 1153 1534 0d.
1175 1471 1206 1553 1,
1229 1464 1384 1557 36,'1'5.2

462 1573 538 1636 Nou
561 1574 665 1635 desim
684 1573 785 1655 epuiis
806 1591 899 1634 rosae

378 1737 381 1743 .
494 1676 569 1739 Neu
588 1677 685 1738 oioou
703 1677 811 1759 opium
829 1696 893 1758 near
915 1677 1008 1739 breue
1027 1678 1172 1740 litium.
1231 1731 1233 1736 ,

290 1782 331 1846 Ut
350 1782 426 1845 enim
445 1778 495 1841 bic
517 1778 660 1843 corollam
680 1776 889 1859 convivalem,
920 1797 979 1840 non
1001 1777 1082 1840 aliud
1104 1778 1195 1840 olium
1212 1787 1422 1854 ornamantum

290 1885 444 1951 conviviis
468 1881 629 1946 adhibitum
649 1880 879 1962 ,intelligamus‚
903 1883 1012 1944 suadet
1033 1885 1068 1944 et
1078 1883 1197 1944 adiecta
1212 1885 1322 1946 mentio
1345 1882 1420 1968 apii,

277 1971 331 2053 'de
351 2006 409 2072 quo
432 1992 504 2048 mox
531 1986 714 2065 viderimus,
745 1987 777 2045 et
802 1985 880 2066 quod
904 1986 999 2066 ipsum
1019 2001 1142 2068 qnoque
1162 1983 1255 2046 titium
1278 1987 1378 2050 album
1401 2009 1419 2051 e

288 2089 561 2176 praestantioribus
583 2088 897 2158 boribuscononariis
918 2090 968 2150 est
983 2082 1041 2164 ⁵⁰).

336 2218 343 2228 ⁸
386 2182 482 2255 'Mitto
511 2209 694 2271 purpureum
721 2188 914 2269 hyacinthum
948 2190 980 2251 et
1008 2207 1105 2252 suavo
1138 2190 1225 2253 olens
1247 2210 1416 2258 amaracum

287 2293 524 2375 serpillumque,
547 2296 710 2374 praetereo
732 2293 899 2372 permultos
923 2292 999 2354 aiios
1021 2293 1113 2354 tiores
1131 2292 1303 2378 herbasque
1323 2316 1415 2361 eoro-

285 2398 385 2459 uariao
415 2395 467 2456 vei
495 2391 787 2474 celeberrimas⁵¹),
815 2396 953 2475 quoniam
976 2413 1040 2472 leae
1072 2397 1109 2457 ab
1131 2397 1278 2480 Horatio,
1308 2420 1325 2462 a
1357 2421 1415 2483 quo
1503 2449 1504 2454 1

284 2499 361 2562 haec
384 2497 478 2558 omnis
500 2495 665 2577 disputatio
686 2496 821 2575 ducitur,
853 2498 882 2557 in
909 2505 1188 2592 coronamentorum
1213 2523 1328 2583 genere
1356 2525 1414 2569 non

285 2607 567 2678 commemorantur,
591 2600 623 2660 et
645 2615 779 2683 propero
803 2599 841 2661 ad
863 2597 1004 2663 hederam
1027 2599 1125 2702 apium
1147 2607 1290 2689 poputum
1305 2610 1412 2693 albam,

285 2723 363 2788 quae
391 2703 443 2765 iile
464 2703 540 2764 -oola
569 2704 782 2768 coronamenta
810 2707 933 2786 praetor
950 2703 999 2767 'ea
1020 2724 1096 2786 quae
1122 2707 1180 2771 iam
1210 2715 1411 2791 cognovimus

285 2808 463 2875 carminibus
486 2807 550 2869 suis
573 2807 708 2870 inseruit.

382 2909 415 2972 ia
437 2927 538 2976 earum
560 2911 654 2989 igitur
676 2912 846 2993 plantarum
867 2931 990 2974 numero
1014 2931 1091 2994 quae
1112 2917 1242 2994 ‚tantum
1267 2917 1343 2981 totio
1359 2937 1413 2980 oo-

284 3013 449 3077 ronabant‘
462 3012 572 3098 (Ptin.
592 3013 694 3095 xxi,
715 3014 753 3097 9,
783 3015 818 3099 6.
839 3015 881 3080 51
904 3016 1011 3144 seqq.)
1035 3020 1108 3096 post
1126 3003 1254 3098 myrtum
1277 3020 1412 3082 secundo

286 3199 486 3213 *nnn-n-

385 3340 437 3378 nur
454 3326 481 3376 in
501 3321 617 3386 thartan,
636 3320 679 3374 die
698 3331 754 3376 erst
771 3325 893 3380 hirrziioh
914 3345 966 3382 von
990 3327 1121 3381 Frenden
1139 3331 1266 3398 angeiegt
1285 3333 1411 3384 waren.“

266 3427 294 3450 κ
383 3403 421 3458 lie
451 3409 557 3459 nomine
582 3403 771 3460 Wittstein
798 3414 862 3462 hex.
891 3404 1080 3478 etymon-mr.
1101 3426 1122 3462 o.
1148 3427 1189 3468 m:
1217 3411 1307 3480 „Vom
1332 3414 1409 3470 caiti-

383 3487 464 3545 sohen
486 3490 513 3544 li
534 3488 657 3558 (weiss),
682 3491 711 3542 in
736 3489 837 3560 Rezug¹
852 3493 901 3545 aui
922 3491 965 3546 dio
981 3489 1160 3546 bekanntcsie
1176 3495 1258 3552 hrt.“
1292 3496 1409 3557 Debitio

382 3573 497 3631 iunonis
522 3575 589 3635 hore
614 3581 640 3630 et
658 3577 716 3645 spei
737 3579 870 3651 eastitatis
896 3576 1095 3648 pudicitiaeque
1113 3581 1192 3648 sigum
1211 3581 1266 3636 rid.
1301 3581 1408 3638 Dior-

336 3701 342 3711 ,
382 3659 471 3716 bach
489 3659 562 3719 Flor.
581 3661 660 3733 myth.
681 3678 707 3731 p
728 3666 778 3720 135
795 3677 852 3733 seq

311 3757 360 3830 5ο)
377 3758 417 3814 Ea
442 3760 475 3814 de
500 3763 713 3830 rescriptorum
741 3762 812 3816 dioto
836 3761 951 3832 piurima
970 3761 1080 3834 collegit
1106 3761 1325 3822 Pooobaiius
1345 3763 1406 3820 Cor.
1438 3822 1445 3830 ,

302 3845 306 3850 ’
380 3844 431 3910 ii,
429 3848 691 3913 &amb-168

309 3942 357 4011 51)
376 3939 540 3996 Enumerant
569 3957 616 3996 cas
639 3943 726 4000 Voss
754 3943 789 3998 ad
817 3944 893 4016 virg.
918 3944 973 4002 idol.
993 3955 1025 4013 2,
1054 3951 1131 4008 45-
1137 3953 1195 4016 55,
1224 3947 1357 4004 Becher
1379 3951 1406 4002 in

380 4026 596 4084 chariclea.
615 4027 635 4083 1.
649 4045 685 4099 up
706 4035 845 4102 181soq„
866 4033 922 4087 aiii.
969 4031 1405 4105 Subiicioquaobroviteroom-

317 4109 320 4114 ’
379 4115 473 4186 plexus
491 4117 532 4170 est
550 4111 658 4168 Fraao
676 4113 776 4186 Synop.
792 4114 830 4185 pi.
848 4116 908 4170 flor
927 4116 1007 4172 class.
1025 4121 1137 4188 aaa,
1140 4120 1213 4189 ,von
1233 4119 1285 4173 don
1306 4121 1404 4188 plantis

380 4203 531 4255 coronantis
553 4199 602 4255 dor
624 4200 703 4255 Alton
727 4205 822 4270 mugen
841 4199 990 4256 besonders
1007 4201 1076 4255 noch
1100 4202 1202 4269 Libica,
1231 4202 1335 4259 Noiken
1353 4205 1404 4258 und
1503 4213 1504 4220 ’

381 4282 605 4351 Kiatsohnelhen‚
630 4284 741 4350 Mimo,
764 4283 933 4350 Anemonem,
963 4286 1108 4356 Thynian,
1129 4287 1243 4355 Sciron,
1263 4288 1402 4361 hyacinti,
1503 4277 1504 4286 ¹

317 4435 320 4444 ‚
380 4366 568 4436 Giotrosohen,
592 4369 760 4436 Narzissens
782 4368 934 4424 hretisohor
959 4367 1100 4438 Sbsshiee,
1126 4371 1325 4442 Mussubium,
1350 4374 1403 4429 La·
1503 4411 1504 4434 .

379 4449 490 4520 vendet,
508 4451 651 4524 Majoran‚
670 4451 895 4514 ueiuemosonoo
912 4461 962 4512 oto.
980 4463 1098 4528 genennt
1116 4459 1206 4514 ocin.“
