3072 5180
276 316 339 383 144

277 503 306 586 Ι,
330 501 362 586 3,
382 505 420 580 43
442 499 614 571 Gto.Verr.
635 505 673 588 V,
697 505 750 587 di,
774 505 836 570 53:
860 509 1008 572 trabali
1032 511 1146 574 ciavo
1167 511 1313 592 figere,
1335 513 1354 572 i.
1371 531 1398 572 e.

186 657 189 667 ,
274 608 365 671 6ιιιιιιι
388 605 740 692 tirmumque'iacere.¹)
784 607 891 693 ltaque
914 629 1089 696 quamquam
1113 630 1207 698 saepe
1234 615 1290 675 iam
1314 613 1397 676 Ae-

272 706 434 790 schylus
465 714 498 775 et
527 711 674 774 Pindarus
710 711 813 773 eadem
850 713 1054 775 clauorum
1087 716 1220 792 imagine
1250 717 1293 776 usi
1326 719 1396 776 suut

274 811 313 874 ed
334 813 529 876 necessitatis
551 815 618 875 vim·
633 829 668 878 ac
691 813 857 876 firmitatem
879 813 1114 892 designandam:
1138 819 1236 880 tamen
1260 817 1393 880 Graecae

272 915 446 980 Imitationis
463 916 600 994 vestigia
623 915 701 996 apud
724 913 879 974 Horatium
905 914 963 976 iroo
986 915 1054 976 ioco
1077 923 1223 996 suspecta
1244 937 1314 982 esse
1334 919 1396 980 de-

270 1018 345 1083 bent
369 1022 402 1083 et
422 1016 461 1082 ob
484 1036 548 1081 earu
568 1035 653 1098 quarn
674 1014 737 1075 dixi
760 1033 902 1077 caussam·
921 1017 953 1078 et
974 1015 1110 1096 quoniam
1134 1022 1222 1080 etiam
1245 1021 1397 1085 Fortunae

270 1119 388 1185 Antiati
412 1124 444 1183 et
469 1117 606 1198 Athrpae
634 1113 786 1178 Etruscae
817 1117 910 1198 (quae
941 1115 1124 1178 Graecorum
1142 1114 1304 1200 ’Ἀτροπος
1332 1125 1399 1198 est)

270 1223 379 1286 claui
401 1223 430 1282 in
450 1220 580 1300 antiquis
600 1217 795 1282 monumentis
817 1219 995 1280 tribuuntur.
1038 1217 1115 1280 Vide
1146 1219 1254 1283 Orellii
1275 1221 1351 1285 Erre.
1372 1223 1396 1284 Ι.

271 1325 319 1387 Ac
341 1321 411 1385 mihi
433 1320 551 1405 quidem
573 1321 734 1382 Pindarum
757 1331 831 1384 sane
853 1321 1045 1382 uerisimilius
1066 1321 1190 1384 videtur
1213 1322 1342 1388 Horatio
1366 1324 1396 1384 in

269 1425 369 1491 Germ.
383 1422 437 1504 111,
453 1421 507 1504 94,
527 1422 550 1486 5
569 1441 636 1507 sqq.
661 1441 747 1506 quarn
768 1420 800 1482 ir.
821 1421 841 1482 l.
863 1421 1059 1484 obversatum
1081 1439 1170 1484 csse:
1192 1441 1299 1486 verunr
1316 1423 1395 1487 Ae-

267 1526 398 1608 schyli
419 1545 460 1588 ex
483 1527 595 1610 Suppi.
617 1525 682 1590 440
702 1543 771 1607 sqq.
797 1524 893 1587 iocum
917 1522 1119 1603 compluribus
1141 1523 1179 1584 de
1199 1528 1319 1588 caussis
1338 1528 1395 1588 ad-

267 1631 377 1693 ductus
399 1649 462 1689 sum
488 1635 519 1691 ut
543 1649 606 1692 eum
628 1627 795 1692 Horatiano
826 1625 1039 1690 conterendum
1067 1631 1222 1708 putarem,
1256 1631 1392 1711 qnoniam

268 1729 415 1795 videlieet
438 1733 557 1812 etipse
586 1730 672 1794 iocus
695 1728 800 1792 similis
831 1733 897 1793 erat
925 1732 957 1792 et
987 1746 1027 1789 ex
1050 1730 1183 1791 eiusdem
1209 1732 1391 1809 tragoediae

266 1851 317 1900 vs.
338 1831 404 1898 433
425 1851 474 1917 sq.
496 1831 617 1894 Horatii
637 1849 747 1893 uersus
772 1815 871 1896 Carnu.
887 1830 911 1910 Ι,
926 1829 979 1910 28,
997 1827 1038 1894 32
1059 1850 1105 1912 sq.
1126 1832 1277 1912 repetitos
1297 1833 1386 1896 iutel-

264 1939 421 2017 lexeranu,
441 1939 474 2000 et
493 1937 575 2021 quod
597 1936 665 2000 mihi
687 1935 773 1998 huius
795 1937 892 2017 ipsius
915 1949 1035 2016 quoque
1051 1933 1189 1995 carminis
1206 1953 1253 1995 vs.
1265 1934 1302 1996 ll
1319 1953 1388 2018 sqq.

265 2043 297 2104 et
318 2036 363 2102 39
382 2056 448 2120 seq.
469 2035 668 2119 Aeschyleae
692 2021 866 2102 imitationis
897 2042 1035 2118 tempora
1062 2037 1171 2099 testari
1199 2037 1390 2101 videbantur.

266 2143 308 2206 ut
329 2142 424 2218 igitur
452 2141 481 2202 in
510 2159 545 2202 re
567 2141 685 2204 incerta
715 2140 786 2202 nihil
811 2141 887 2204 certi
910 2140 983 2202 lieet
1001 2138 1166 2220 affirmare,
1198 2141 1239 2202 ita
1268 2141 1391 2204 inclinat

264 2244 377 2306 animus
399 2244 433 2304 ut
452 2240 646 2306 Scirdtnio
668 2241 780 2306 credat
795 2245 845 2326 qui
866 2261 903 2304 ea
924 2243 993 2305 olim
1019 2240 1259 2327 comparavit²).

363 2364 393 2405 v.
410 2338 467 2406 60.
509 2345 659 2428 liquidum
682 2342 858 2429 plumbum]
903 2345 1014 2407 iladcru
1046 2347 1074 2407 iu
1109 2365 1142 2408 re
1171 2347 1389 2427 Euripides

264 2443 360 2512 Andr.
389 2442 453 2509 266
475 2446 536 2509 D.=
904 2469 906 2474 ¹

507 2585 549 2596 -
593 2583 636 2595 -
679 2553 731 2613 aui
754 2544 815 2633 γάρ
835 2551 861 2614 εἰ
882 2551 972 2634 πέριξ
992 2546 1098 2630 σ’ἕχιι

365 2648 507 2733 rustic
529 2648 747 2733 μόλυβδος,
769 2652 966 2730 ἐξαναστήσω
987 2647 1101 2734 σ’ἒγώ.

176 2813 188 2834 ,
368 2777 400 2818 v.
422 2755 476 2818 al.
524 2755 569 2818 Te
594 2754 690 2840 Spes]
713 2757 766 2819 Sic
789 2757 915 2819 Graecis
934 2749 1071 2828 Ἐλιτίδες
1095 2759 1166 2817 suut
1180 2751 1280 2835 Τύχης
1301 2751 1388 2817 ἑταῖ-

263 2887 325 2944 ραι.
367 2859 492 2924 Jacobs.
515 2854 641 2920 Anthoi.
663 2860 730 2922 min.
752 2882 784 2942 p.
806 2858 882 2923 ⁶256.
910 2849 1090 2940 (Peerlk.)'
1218 2879 1221 2884 ·

363 2996 407 3007 -
428 2963 498 3024 aldo
527 2960 637 3022 Velare
653 2959 778 3045 panno]
811 2961 959 3025 Candoris
987 2959 1045 3023 hoc
1072 2965 1104 3021 et
1131 2960 1318 3022 innocentiae
1340 2961 1386 3019 si-

261 3085 363 3147 guum.
406 3062 528 3125 duodus
549 3058 637 3121 huius
660 3061 872 3145 descriptionis
896 3070 946 3126 est
966 3065 995 3126 in
1015 3063 1175 3126 Hesiod.
1197 3060 1284 3147 Ἕργ.
1303 3059 1386 3124 200:
1502 3101 1503 3106 κ

361 3171 529 3231 Λευκοϊσιν
552 3163 701 3243 φαρέεσσι
722 3165 929 3248 καλυψιιμέιω
951 3163 1032 3249 χρόα
1052 3163 1157 3244 καλόν,

359 3257 468 3337 Αἰδώς
488 3267 542 3326 καὶ
564 3265 710 3344 Νέμεσις.
1164 3256 1171 3270 ’

372 3385 404 3427 u.
426 3355 478 3454 ni.
521 3363 609 3425 cedia
637 3363 714 3427 Cum
733 3363 828 3450 faece
847 3371 971 3430 meconio
997 3367 1102 3452 emim]
1125 3369 1241 3432 Archil.
1262 3369 1385 3446 Fragor.

260 3461 313 3548 49,
330 3463 362 3532 3.
378 3465 480 3531 hiena
494 3459 603 3556 ''Appst
625 3465 655 3530 δ’
679 3457 764 3532 οἶνον
785 3461 921 3552 ἐρυθρὰν
944 3465 1020 3534 dard
1039 3468 1161 3556 τριιγός.
1175 3499 1208 3514 υ
1221 3471 1273 3534 Ad
1293 3474 1385 3534 totam

260 3573 438 3636 sententiam
450 3561 759 3658 pertiuet'egregium
774 3569 958 3634 Graecorum
979 3573 1192 3653 prouerbium:
1214 3575 1260 3647 ζεῖ
1276 3571 1386 3655 χύτρα,

259 3673 294 3760 ζῇ
317 3679 403 3755 φιλία
426 3677 458 3737 et
479 3671 623 3756 Theogn.
646 3670 799 3754 643'seq.
834 3672 890 3734 cir.
917 3673 1008 3738 Ouid.
1030 3695 1071 3736 ex
1094 3677 1259 3758 Pontou,
1290 3675 1322 3758 3,
1345 3675 1385 3740 8ι

265 3773 381 3859 Volgus
400 3777 553 3838 amicitias
574 3778 709 3838 utilitate
724 3775 892 3859 probabat.
1495 3829 1496 3873 q

359 3896 394 3940 v.
417 3873 470 3940 28.
522 3877 623 3940 Ferre
649 3881 760 3960 iugum
788 3875 925 3964 pariter]
964 3879 1078 3946 'Graeci
1112 3891 1166 3944 eos
1200 3883 1251 3965 qui
1283 3885 1387 3943 mutuo
1494 3923 1495 3971 q

266 4000 367 4048 amore
395 3979 573 4045 tenebantur
600 3979 695 4044 eidem
724 3980 799 4062 iugo
825 3981 973 4064 alligatos
995 3981 1137 4047 dicebant
1157 3984 1187 4045 iu
1207 3983 1389 4066 prouerbio,
1493 3993 1494 3996 ’

310 4294 339 4363 1)
357 4289 414 4348 Nor
432 4295 524 4384 pantio
543 4296 700 4362 modestius,
718 4304 802 4354 etuas
822 4303 904 4365 „niet
919 4299 978 4354 und·
992 4299 1127 4370 nageiiest
1144 4297 1289 4356 macheu“.

307 4393 338 4462 2)
355 4392 453 4448 Suhitz
471 4391 632 4464 addesciryt.
652 4396 669 4456 Ι.
683 4410 720 4451 c:
742 4413 848 4470 ,‚quarn
861 4401 1005 4469 imaginem
1016 4395 1389 4454 1iera'iruitotur.idoratius.“
