3046 5224
288 337 331 402 38

286 526 486 592 nollllrslmos
510 542 620 591 vorsus
643 525 711 588 olim
735 523 972 603 aNeoptolorno
997 528 1138 590 oautatos
1162 525 1308 604 iniusto,
1331 528 1413 607 qood

285 629 425 708 Plrlllppo
448 627 608 691 Macedoni
631 627 764 688 ultimum
784 626 851 687 luit.
906 627 1065 707 negantur
1094 627 1175 710 apud
1197 627 1290 690 Diod.
1314 628 1413 692 Sioul.

284 730 369 792 XVl.
396 728 456 793 922
495 727 583 811 ἄφνω
619 726 797 809 τίῗφοντος
833 730 996 810 Προςέβο,
1033 723 1155 810 μακροῖς
1186 726 1414 813 ἀφαιρούμενος

281 826 424 905 Ἐλπίδος
449 821 580 916 θανάτῳ
602 828 805 911 πολύμοχθος
819 825 951 904 ‘'adcolar.¹
970 831 1082 894 Verum
1104 831 1179 894 haec
1198 833 1267 912 ipsa
1291 851 1414 913 quoque

283 936 445 1014 sententia,
467 934 525 995 nlsi
546 933 645 1010 fallor,
671 933 892 1011 Euripidaa
914 938 963 996 est
978 934 1031 996 vel
1053 933 1261 996 ex-Aloestide
1275 931 1339 996 785
1354 933 1413 996 D.:

458 1030 502 1100 To'
524 1037 577 1110 τῆς
598 1031 691 1115 τύχης
712 1030 773 1118 γάρ
794 1029 910 1114 ἀφανὲς
932 1027 967 1100 οἷ
983 1033 1183 1119 προβήσεται,

453 1133 540 1203 κᾶστ’
557 1134 596 1199 ου’
617 1129 768 1215 διδακτὸν,
793 1133 864 1198 ou'd'
891 1119 1046 1200 (ittonam
1067 1139 1170 1225 τέχνῃ.

453 1235 538 1302 ταῦτ’
558 1233 613 1303 οὖν
635 1236 976 1319 devindemiatam
999 1239 1076 1321 ἐμοῦ
1095 1237 1191 1320 πάροι,

451 1337 644 1422 εὔφραινε
668 1336 837 1418 σαυτόν,
856 1352 963 1416 πῖνε,
993 1337 1062 1406 τόν
1084 1337 1180 1406 καθ’
1202 1336 1351 1422 ἡμέραν

259 1525 261 1531 Ι
453 1444 544 1521 βίον
565 1445 723 1524 λογίζου
742 1438 824 1518 adv,
844 1436 880 1506 rol
903 1440 1018 1508 d’dtla
1039 1446 1092 1522 τῆς
1113 1440 1216 1523 τύχης,

283 1543 333 1604 vel
359 1561 401 1604 ex
421 1545 566 1606 similibus
589 1546 665 1608 lonis
684 1548 790 1626 petitu.
822 1545 889 1610 Vid.
913 1549 1050 1610 Prouem.
1071 1567 1101 1628 p.
1126 1544 1227 1608 XVll.
1249 1563 1296 1627 sq.

386 1664 418 1708 v.
445 1644 476 1710 8.
524 1648 627 1730 Carpe
652 1646 747 1730 diem]
798 1650 961 1726 Venusiam
991 1649 1067 1712 hane
1095 1647 1302 1728 metaphoram
1322 1647 1409 1708 verbi

280 1767 449 1829 carpere
481 1756 592 1832 poetae
625 1750 723 1811 Latini
751 1751 863 1816 debent
892 1753 1039 1831 Graecis,
1068 1751 1130 1812 vid.
1161 1752 1294 1813 Parsov.
1326 1768 1351 1810 s.
1375 1769 1403 1809 n.

279 1851 402 1934 δρέπειν
426 1857 458 1914 et
481 1850 614 1916 Boeolrlr.
646 1852 684 1912 ad
707 1853 792 1916 Pind.
815 1856 849 1919 P.
874 1855 933 1935 ΙΧ,
958 1852 1010 1918 38.
1052 1853 1129 1915 Nam
1155 1871 1234 1935 quae
1254 1854 1284 1915 id
1306 1870 1406 1930 genus

278 1954 359 2034 apud
383 1954 543 2018 Pindarum
574 1956 718 2033 leguntur
740 1956 776 2019 Ρ.
801 1958 860 2038 Vl,
890 1956 950 2024 48:
972 1955 1050 2038 ἥβαν
1079 1958 1202 2040 δρέπων
1226 1957 1258 2016 et
1287 1954 1406 2034 plenius

279 2053 471 2133 11.1v,130:
496 2051 622 2139 δραπών
644 2052 727 2134 ἱερὸν
745 2039 859 2132 sillercio
882 2058 993 2137 ἄωτον,
1019 2060 1054 2120 Ρ.
1072 2057 1136 2139 lX,
1155 2055 1215 2122 38:
1238 2055 1271 2120 ἐκ
1293 2056 1408 2136 λεχέων

277 2165 376 2235 κεῖραι
398 2160 540 2233 μελιηδέα
560 2161 665 2232 ποίαν,
685 2158 720 2215 P.
730 2156 783 2234 lv,
796 2156 875 2220 1142
900 2159 976 2238 ἥβας
996 2157 1117 2242 καρπον
1133 2155 1303 2237 ἀνθήσαντ’
1324 2155 1407 2222 a’rro·

277 2257 410 2336 δρέψοα,
431 2254 536 2318 eadem
552 2256 632 2336 apud
648 2257 774 2318 Latino·
794 2259 963 2322 imitatores
984 2263 1096 2342 passim
1116 2263 1308 2344 reperiuntur
1324 2260 1408 2344 [vid.
1466 2321 1468 2326 .

277 2356 379 2418 Klotz.
402 2355 480 2417 Lex.
501 2356 569 2419 Lat.
594 2377 619 2417 s.
643 2378 674 2418 v.
695 2375 824 2437 carpere
845 2357 885 2438 2,
910 2356 956 2441 a.)
976 2367 1008 2426 et
1030 2365 1205 2442 signidoaut
1225 2363 1288 2424 sine
1313 2362 1406 2426 dublo

278 2461 311 2520 ut
336 2456 417 2536 apud
437 2455 518 2516 lllum
547 2459 665 2539 „quasi
691 2457 794 2519 dorem
818 2461 870 2522 vel
894 2463 1021 2526 iruutom
1042 2469 1177 2528 maturae
1207 2467 1317 2528 aetatis
1346 2467 1405 2528 de-

276 2575 404 2638 cerpere
432 2560 464 2620 ot
493 2573 530 2619 eo
560 2558 618 2619 irul
647 2559 817 2641 priusquam
846 2567 1046 2629 evanescat“.
1090 2567 1180 2630 Ouid.
1208 2541 1325 2649 unx,
1345 2568 1406 2634 85:

275 2660 398 2724 Aetatis
420 2661 518 2722 breve
540 2651 595 2721 uer
616 2663 648 2720 ot
673 2661 783 2739 primos
808 2683 933 2746 oarpere
954 2668 1057 2732 flores.
1111 2671 1178 2732 Nos
1207 2671 1343 2736 similiter
1373 2673 1402 2734 in

274 2766 360 2847 poesi
388 2762 586 2847 „plldolron“
610 2787 653 2816 =
672 2762 823 2828 nauclero
844 2769 1019 2846 geniessen.

697 2987 826 3072 carm.
853 2993 885 3088 1,
917 2991 976 3073 12.

372 3163 403 3204 v.
431 3142 535 3225 lsqq.
584 3145 683 3222 Quem
707 3153 807 3212 virum
830 3163 886 3215 aut
909 3149 1006 3216 lueroa
1029 3157 1098 3233 lyra
1121 3153 1173 3212 vel
1191 3161 1260 3217 acra‘

590 3247 680 3309 Tibia
700 3255 797 3312 sumis
816 3255 988 3333 celebrare,
1017 3250 1111 3312 Clio?

584 3349 682 3426 Quem
698 3350 829 3436 deum?]
868 3353 981 3432 „Haeo
1003 3373 1020 3416 a
1042 3351 1215 3414 Pindaro
1236 3352 1401 3434 sumpsll“.

271 3447 508 3529 Porphyrlo.
563 3448 643 3511 ldem
674 3456 815 3516 notarunt
839 3454 988 3518 Henrleus
1015 3452 1191 3534 Stephanus
1218 3454 1257 3518 ad
1286 3457 1401 3518 Anser.

271 3575 301 3637 p.
326 3552 406 3632 164,
428 3551 592 3634 lllorelus,
623 3554 783 3616 Lambinus
809 3556 868 3618 alii.
922 3557 979 3621 Est
1009 3575 1082 3619 sane
1103 3557 1242 3618 introitus
1265 3555 1401 3618 sublimis

271 3656 310 3720 ad
335 3655 455 3716 Pindari
478 3656 648 3735 exemplum
671 3675 840 3739 expressus
864 3676 904 3719 ex
921 3657 1047 3742 olymp.
1069 3657 1089 3720 2
1112 3657 1192 3721 inita

309 3752 590 3840 ’Λνοξιφόρμιγγες
613 3759 715 3838 ὕμνοι,
810 3834 812 3840 y

312 3861 411 3920 Τίνα
433 3854 540 3928 θεόν,
569 3857 645 3922 τίν’
670 3860 791 3946 ἥρωα,
815 3865 911 3926 τίνα
935 3858 1059 3946 ἄνδρα
1080 3857 1302 3942 κελαδήσομενς
1333 3939 1335 3944 ,

270 3959 364 4046 Quem
385 3957 483 4020 loourn
501 3958 646 4024 Horatius
671 3964 803 4026 imitatus
827 3967 877 4026 est
898 3965 1021 4028 inverso
1049 3967 1154 4028 ordino
1179 3963 1398 4042 collocationis,

266 4083 338 4126 mox
372 4061 523 4142 proprium
551 4063 691 4144 impetum
721 4065 920 4152 secuturum)
966 4068 1034 4130 Vld.
1066 4068 1161 4131 Orell.
1190 4067 1220 4129 in
1253 4067 1332 4131 lixa.
1366 4068 1399 4128 et

267 4165 446 4243 Bernhardy
470 4165 548 4230 Hist.
574 4167 608 4230 L.
631 4169 667 4232 R.
693 4170 742 4233 ed.
763 4171 816 4236 alt.
841 4175 902 4236 not.
924 4170 978 4235 20.

270 4337 473 4350 ..ι--ο--ι-

317 4423 347 4493 1)
368 4419 457 4484 Quare
483 4421 552 4478 laud
579 4428 635 4478 seio
661 4441 694 4480 an
722 4428 821 4478 iniuria
846 4439 903 4478 eom
933 4421 1135 4493 reprehenderit
1154 4418 1304 4475 Boeollr.
1326 4419 1343 4472 l.
1361 4419 1394 4471 l.:
