3046 5224
252 374 292 440 12

252 561 373 624 Homeri
396 559 556 640 memoria,
583 562 653 642 quia
674 559 714 624 ibi
734 558 867 624 humatio
890 579 955 624 eom
978 562 1067 623 iustis
1095 558 1251 637 religiosis
1278 553 1376 620 ioenm

251 664 364 728 trabere
384 679 443 727 noo
466 665 598 746 poterat.
623 661 688 725 Cir.
702 658 740 726 C.
763 661 788 741 1,
809 659 862 742 28,
883 663 948 724 init.
991 662 1075 725 Hauc
1097 659 1377 741 interpretationem

250 769 401 834 sententia
420 765 595 829 necessario
610 761 777 842 efflagitata
797 763 876 826 iufra
888 765 1003 827 demum
1024 765 1183 845 „Letum
1207 762 1375 842 surripiens

252 867 380 945 gradum
389 867 411 905 “
434 884 594 948 personam
622 865 730 944 iodnit,
760 873 794 928 ut
815 865 961 941 Θάνατος
985 869 1014 930 in
1037 865 1189 948 Euripidis
1216 863 1378 926 Ainestide

252 970 285 1030 et
304 968 381 1030 idem
403 969 533 1032 Letum
561 985 612 1048 ap.
637 966 726 1044 Virg.
755 967 833 1030 Aen.
856 967 914 1047 VI,
939 968 1012 1031 277.
1396 1021 1398 1027 ,

354 1090 387 1131 ν.
415 1067 464 1133 18.
511 1071 575 1148 Qui
590 1072 680 1132 rioms
701 1071 798 1132 vomite
811 1105 852 1114 -
866 1068 957 1154 vidit]
981 1071 1049 1134 iioo
1070 1069 1233 1146 Horatios,
1258 1067 1377 1129 Bern-

251 1169 402 1251 trardyo
440 1169 606 1254 iudioe¹),
636 1170 808 1251 ¹scripsisse
841 1171 963 1235 videtur
991 1173 1153 1237 seeundum
1184 1168 1376 1250 Aeseoyi.

250 1273 342 1353 Sept.
371 1269 468 1336 eoum
491 1275 597 1354 §upote
618 1267 802 1346 ἀκλαύστοις
822 1267 978 1354 tuumne:
1008 1273 1057 1338 abi
1086 1279 1157 1339 item
1187 1276 1270 1337 notio
1299 1275 1379 1337 inest

251 1375 358 1436 meotis
385 1374 608 1453 rigidissimae,
643 1372 757 1452 iuriae,
793 1391 871 1455 quae
905 1385 1061 1459 numquam
1096 1378 1176 1441 deeti
1212 1379 1312 1460 possit
1349 1380 1377 1439 iu

250 1477 399 1541 taerimas.
444 1477 521 1539 Nam
544 1468 621 1557 ξηρᾶ
642 1469 768 1556 ἔμμοτον
795 1495 821 1537 s.
843 1477 1071 1542 steenoeuii
1092 1482 1216 1561 primum
1238 1480 1377 1544 tribuou-

251 1583 300 1642 tur
323 1581 352 1641 el
381 1579 491 1641 homiui
527 1578 575 1659 qui
603 1567 711 1638 dudum
732 1576 851 1641 destitit
882 1598 901 1641 a
921 1578 1120 1662 lacrimando,
1146 1582 1253 1644 deiude
1275 1583 1303 1643 ei
1327 1584 1377 1665 qni

250 1683 450 1746 alienissimus
471 1686 520 1744 est
540 1699 559 1742 a
581 1695 674 1742 sensu
697 1680 842 1742 suaviore
865 1684 896 1742 et
916 1683 1107 1747 humaniore:
1130 1687 1180 1747 est
1203 1685 1298 1762 igitur
1318 1681 1376 1744 iro-

250 1807 316 1868 mu,
341 1789 391 1870 qni
415 1803 570 1868 numquam
591 1782 727 1864 potuerit
753 1780 892 1845 lacrimas
914 1787 1052 1849 tundere.
1096 1785 1162 1851 Cir.
1185 1785 1377 1868 Properti,

252 1890 311 1970 17,
341 1890 374 1952 11
396 1908 480 1972 seqq.
525 1887 571 1950 ita
593 1904 721 1965 magnus
744 1886 900 1949 Bentleius
918 1891 951 1951 et
972 1888 1116 1954 Horatius
1137 1889 1250 1969 optime
1273 1888 1377 1951 ennoi-

250 1993 369 2057 iiautor.
964 2036 967 2048 .

354 2114 387 2156 v.
405 2093 456 2158 19.
503 2092 567 2168 Qua·
585 2092 663 2154 oidtt
684 2111 773 2152 mare
794 2087 970 2175 uerginium}
1001 2091 1130 2156 Cuuiert
1152 2091 1378 2170 Wagnerus

251 2193 378 2256 Hesiod.
401 2191 461 2254 'iio
480 2190 557 2253 106:
577 2189 690 2261 πόντος
711 2217 750 2236 ⁸·-
763 2191 887 2272 οἴδμοτι
905 2189 1010 2268 θύων,
1040 2199 1073 2256 et
1095 2215 1126 2256 v.
1144 2191 1222 2256 1312
1243 2193 1379 2275 πέλαγος

252 2291 426 2372 —ottipau
447 2293 538 2369 θῦον,
560 2291 750 2371 sedpropius
772 2294 891 2356 aceedit
903 2289 1179 2373 iiiudAeseiryii
1197 2295 1284 2355 Pers.
1300 2291 1378 2358 110:

253 2397 388 2474 Εμαθον
412 2389 446 2457 δ’
464 2387 651 2475 εὐρυπόροιο
672 2388 837 2468 θαλάσσης
860 2394 1094 2471 πολιαινομὲνης
1108 2390 1258 2473 πνεύματι
1271 2393 1379 2476 λάβρῳ

250 2489 375 2575 'Eaeque
396 2491 525 2558 πόντιον
551 2489 665 2566 aaron
719 2495 769 2575 qul
798 2494 884 2558 loeus
912 2493 991 2556 haud
1014 2495 1078 2556 sein
1109 2512 1146 2555 au
1169 2494 1296 2555 Horatio
1318 2495 1377 2554 ob-

251 2598 395 2659 versatus
430 2596 532 2659 iirerit.
582 2594 658 2657 Nam
698 2594 805 2658 vidit
842 2611 979 2677 prorsus-
1001 2599 1050 2657 est
1076 2594 1196 2678 ἔμαθον
1233 2595 1354 2680 ἐςορᾶ
1362 2623 1378 2662 ν

252 2701 273 2760 i.
301 2715 330 2759 e.
359 2697 503 2762 sustinuit
519 2689 569 2777 ²),
598 2698 632 2758 et
658 2707 760 2761 mare
796 2697 996 2776 turgidum
1034 2696 1208 2777 Aeschylos
1243 2703 1379 2764 ornatius

252 2801 433 2882 desoripsita
465 2798 673 2882 „Neptunium
710 2802 828 2882 pratum
857 2801 940 2862 vasti
962 2801 1070 2882 maris,
1108 2803 1244 2866 violento
1267 2805 1378 2886 impetu

252 2903 338 2967 venti
360 2905 475 2986 spumis
494 2900 732 2968 luoaueseeus“.
774 2901 887 2963 Eadem
901 2903 1076 2985 metaphora
1090 2903 1232 2970 Cicero
1254 2906 1378 2970 11111-

254 3005 313 3067 teis
335 3025 410 3068 usus
430 3008 525 3070 dixit:
548 3049 569 3087 ‚‚
578 3006 730 3088 Neptunia
749 3006 838 3085 prata
861 3009 1003 3070 sedantes
1015 3006 1048 3087 “‚
1070 3012 1103 3071 et
1126 3007 1295 3074 θάλασσαν
1317 3033 1380 3072 πο-

253 3109 445 3188 λιοινομένην
466 3109 676 3172 imitatuseat
704 3105 890 3170 Gatutius
918 3105 978 3188 61,
1010 3107 1068 3173 13:
1104 3112 1293 3192 „Tortaque
1325 3129 1379 3171 re-

254 3209 348 3286 migio
381 3209 496 3289 spumis
524 3210 657 3272 lneanuit
693 3207 815 3270 unda“.
868 3208 977 3291 Quidni
1010 3211 1106 3287 igitur
1141 3211 1284 3274 credibile
1318 3209 1379 3287 sit,

255 3309 361 3371 eodem
383 3308 539 3372 Horatium
558 3311 738 3391 respexisse
760 3311 790 3372 io
812 3310 917 3372 eodem
939 3305 1050 3373 similit

358 3429 390 3472 ν.
415 3407 467 3473 25·
511 3412 633 3475 dadam
659 3415 763 3475 'omniu
788 3408 924 3495 perpeti]
964 3413 1054 3492 γένος
1084 3404 1119 3472 ad
1149 3405 1247 3472 δεινὸν
1276 3406 1380 3470 πάντα

255 3514 361 3592 τλῆναι
388 3515 407 3576 1.
432 3529 462 3576 e·
492 3511 679 3598 πάντολμον.
740 3515 794 3578 Sie
824 3513 1003 3594 Aeschylus
1031 3511 1098 3589 Ag·
1126 3513 1201 3576 221.
1224 3510 1263 3573 D.
1285 3511 1379 3590 Ago-

255 3618 402 3681 memuoni
425 3635 461 3680 ae
483 3618 585 3700 potius
614 3616 749 3679 nnroihus
776 3617 952 3680 murtaiihos
981 3614 1118 3678 attribuit
1142 3609 1177 3677 ad
1206 3610 1379 3678 παντότολ-

255 3735 315 3801 μον
344 3727 489 3802 ρροννΐν,
524 3721 570 3784 sie
599 3717 794 3783 Pindarus
822 3721 932 3797 fragm.
962 3716 996 3780 ὅ.
1019 3718 1056 3778 Β.
1084 3716 1207 3779 Hereuii
1235 3715 1319 3779 dedit
1346 3711 1380 3778 οδ

255 3820 432 3903 πάντολμον
460 3823 594 3898 σθένος,
638 3820 669 3883 ir.
700 3839 729 3882 e.
764 3821 856 3885 robor
885 3819 1015 3901 quidvis
1047 3818 1163 3881 audens
1194 3838 1219 3881 r.
1251 3818 1382 3899 „audax

256 3924 352 3990 omnia
374 3923 497 4006 perpeti
504 3922 536 3982 ⁶⁶.

307 4275 336 4345 1)
360 4271 483 4414 inbeens.
502 4293 554 4334 ree.
574 4273 696 4333 Partito:
723 4273 815 4342 „oseti
834 4273 980 4348 Aeseirpius
997 4278 1072 4347 Sept.
1090 4281 1151 4338 681.
1171 4277 1245 4347 (696.
1263 4275 1310 4346 ii.)
1333 4294 1382 4348 ge-

360 4373 391 4414 ar
411 4363 510 4418 eitet“.

304 4459 337 4529 2)
354 4455 421 4516 Vide
438 4451 534 4516 Biomt.
556 4461 585 4514 in
602 4455 691 4515 Gioas.
711 4458 744 4512 nd
773 4470 811 4515 rs.
834 4463 894 4519 115.
