3064 5206
283 362 348 428 205
426 448 428 456 ,

287 553 363 614 ciuus
398 551 448 612 vel
479 550 580 632 potius
616 549 785 610 memoriam
817 550 922 611 mortis
953 550 1100 630 electum,
1140 570 1200 633 quo
1232 557 1335 634 magis
1374 561 1432 619 in-
1502 559 1503 566 ’

289 655 432 716 citaretur
453 653 571 716 laetitia
581 646 647 726 ⁰⁴l3
668 653 701 713 at
722 668 787 713 ean
808 653 953 714 rationenr
976 671 1079 732 neruo,
1103 654 1181 734 quod
1205 657 1312 737 scians,
1335 663 1431 724 scri·

286 757 406 836 piorum
440 760 579 820 veterunr
609 754 731 832 attulit,
769 756 802 816 et
836 756 1014 816 contrarium
1043 755 1116 817 licet
1140 755 1247 834 colligi
1277 779 1295 820 e
1328 761 1431 824 Plinii

188 867 190 874 '
288 857 395 920 uerhis
416 857 494 938 XX,
522 855 676 939 11(44),
709 856 743 940 5.
763 853 835 922 113.
858 856 986 918 dicentis
1006 859 1120 936 apium,
1153 860 1232 939 quod
1253 860 1429 928 defuncto-

289 978 353 1021 ruru
377 959 475 1040 epulis
498 960 643 1024 ieralihus
668 959 795 1019 dicatum
819 958 876 1038 sit,
907 959 976 1019 ideo
1000 959 1183 1039 quorundam
1204 966 1360 1028 sententia
1385 969 1426 1029 ad

289 1061 374 1123 cihos
397 1081 456 1123 non
481 1061 708 1140 admittendum,
739 1061 825 1122 immo
856 1061 972 1123 omnino
1000 1062 1088 1123 nolas
1111 1080 1198 1124 esse:
1228 1069 1312 1128 certe
1339 1069 1425 1131 idem
1502 1059 1503 1116 3

290 1163 405 1224 Plinius
427 1163 575 1230 coronarii
597 1163 848 1245 apiirnentionenr
866 1181 1010 1243 nusquam
1030 1163 1113 1226 iecit.
1159 1163 1252 1250 Quam
1273 1169 1424 1250 frequens
1502 1157 1503 1192 ³

291 1268 390 1328 tamen
411 1265 459 1329 hic
480 1284 553 1326 usus
577 1253 642 1328 eius
664 1265 744 1346 apud
765 1264 902 1328 Graecos
924 1267 1041 1348 quidem
1064 1266 1155 1329 inerit
1180 1269 1335 1348 popularis
1355 1273 1420 1334 de-

290 1370 438 1431 monstrat
473 1367 624 1430 cantilena
661 1369 824 1453 quaedam,
861 1386 947 1449 quarn
978 1367 1127 1430 saltantes
1155 1353 1356 1436 ‹lecantahant
1385 1375 1419 1436 in
1502 1387 1503 1390 ’

292 1469 553 1530 comissationibus
576 1469 719 1553 [ἄνθεμα
740 1489 795 1532 seu
819 1470 945 1532 flores
969 1469 1157 1553 vocabant),
1180 1473 1264 1535 cuius
1287 1477 1421 1540 meminit

291 1568 470 1634 Athenaeus
491 1569 578 1634 XIV.
601 1595 632 1655 p.
655 1573 721 1639 629
742 1592 789 1635 a:

496 1681 569 1742 Ποῦ
588 1703 643 1760 μοι
663 1673 701 1741 τά
722 1671 814 1758 (horim
840 1679 901 1737 ποῦ
922 1700 975 1756 μοι
998 1669 1036 1738 uh
1055 1675 1105 1753 aa
1191 1735 1194 1740 .

587 1784 648 1844 ποῦ
669 1804 724 1861 μοι
745 1773 790 1841 ταὶ
806 1771 906 1841 καλαὶ
926 1778 1081 1855 σέλινα,

498 1888 569 1946 Hori
590 1909 645 1964 μοι
668 1885 737 1945 ταδὶ
759 1874 798 1944 ταὶ
819 1875 911 1963 ῥόδα,
935 1882 1006 1944 ταδὶ
1025 1873 1063 1942 uh
1085 1879 1135 1957 ἴα,

585 1991 656 2051 ταδὶ
676 2011 720 2050 τα
742 1977 838 2046 καλα
859 1984 1011 2062 σέλινα,

291 2035 382 2149 nahe
402 2087 558 2151 Theocriti
581 2089 626 2150 hl.
647 2085 685 2168 3,
715 2085 756 2150 21
781 2103 884 2168 seqqa

391 2183 455 2252 Tou
476 2193 632 2273 στέφανον
658 2193 743 2254 ritui
761 2213 799 2270 με
820 2185 890 2252 κατ’
913 2184 1023 2250 asiriaco
1045 2182 1141 2250 λεπταὶ
1164 2199 1315 2267 ποιησεΐς,
1386 2190 1389 2196 ’

396 2287 459 2353 Τόν
481 2317 529 2356 τοι
551 2289 646 2374 ἐγών,
668 2288 837 2374 Ἅμαρυλλὶ
857 2295 948 2374 φίλα,
975 2287 1274 2375 aequoreaethere,

393 2387 564 2473 Ἐμπλέξας
585 2391 748 2458 sciissent
768 2398 820 2456 καὶ
838 2390 1000 2474 addducere
1016 2398 1206 2468 σελίνοις.

292 2480 350 2557 Uhi
371 2498 478 2577 pastor
498 2495 617 2577 quidam
635 2511 773 2557 coronam
791 2497 921 2580 gestans
942 2513 984 2566 ex
1005 2497 1119 2560 hedera
1140 2497 1261 2578 iactam,
1284 2498 1419 2560 intextis

292 2599 371 2658 rosis
401 2599 493 2680 atque
525 2598 611 2680 apio,
648 2593 790 2660 decantat
818 2603 1128 2682 παρακλαυσίθυρον.
1178 2598 1226 2661 Ac
1255 2595 1420 2678 Sapphoni

291 2696 409 2762 Alcaeo
430 2701 617 2766 Anacreonti
648 2702 708 2782 apii
738 2720 866 2765 coronas
891 2703 921 2764 in
947 2704 1099 2784 frequenti
1126 2689 1182 2763 usu
1204 2701 1298 2764 luisse
1321 2719 1419 2780 supra

290 2802 420 2866 ululiruus
441 2825 472 2885 p.
497 2803 559 2870 163
588 2823 656 2888 seq.
698 2805 841 2870 Notabile
871 2823 946 2868 vero
967 2804 1103 2868 scholion
1125 2805 1256 2869 heronis
1280 2803 1318 2864 ad
1346 2802 1417 2863 llo-

291 2907 359 2967 ratii
391 2905 492 2969 Carnu.
523 2909 585 2990 iv,
615 2909 674 2988 ll,
703 2907 751 2972 3.:
780 2911 831 2971 uel
858 2912 950 2990 quia
979 2911 1157 2970 Alcaeus
1176 2912 1418 2993 frequenter
1502 2945 1503 2948 η

291 3009 463 3071 sedicit
488 3014 584 3094 apio
609 3015 799 3074 coronari
813 3052 887 3088 ...,
916 3012 968 3071 vel
995 3013 1068 3092 quia
1096 3011 1418 3086 tardius-deponatur
1502 3015 1503 3088 J

290 3113 346 3192 qui
368 3113 509 3190 prandet
535 3117 608 3195 apio
632 3121 808 3175 omouatua.
857 3112 933 3172 Nam
963 3109 1161 3183 eRornanis,
1191 3109 1316 3166 nisime
1339 3106 1419 3170 fallit
1502 3123 1503 3212 q

290 3211 441 3290 memoria,
462 3233 537 3274 unus
549 3215 693 3274 Horatius
715 3213 768 3293 ,se
790 3213 863 3274 dicit
887 3212 956 3292 apio
972 3205 1123 3273 eoronarl‘
1145 3203 1203 3266 Od·
1219 3203 1243 3282 1,
1265 3201 1320 3286 36,
1346 3207 1416 3272 lfa:

492 3313 567 3374 Neu
587 3313 689 3373 desint
708 3315 807 3392 epulis
828 3331 919 3378 rusae

533 3411 608 3473 Neu
627 3396 874 3491 nicaenorum
897 3431 960 3471 neu
982 3413 1073 3470 breue
1094 3407 1201 3468 lilium.

1502 3533 1503 3570 l

290 3611 490 3624 m

320 3757 369 3826 64)
389 3755 481 3810 Vidc'
475 3772 561 3826 ipsun
582 3757 616 3810 su
615 3757 710 3831 Virg.
729 3755 834 3820 aete,
860 3759 901 3813 68
926 3768 983 3806 cum
1008 3756 1072 3805 nota
1099 3749 1218 3804 Servii
1241 3748 1361 3804 Ceterum
1380 3753 1411 3806 de

391 3841 499 3911 luguhri
528 3845 583 3910 apii
618 3857 666 3896 usu
698 3843 849 3895 accuratius
878 3839 1002 3908 exposuit
1026 3834 1194 3890 Meineke
1228 3821 1256 3888 in
1280 3835 1412 3892 incinctis

388 3924 623 3997 Alexandrinisp.
641 3933 694 3990 82,
714 3929 759 3996 qui
779 3925 846 3980 hene
865 3924 1010 3992 additia,
1012 3921 1060 3992 ,ht
1075 3923 1158 3976 luisse
1173 3920 1252 3973 etiarn
1267 3920 1312 3989 qui
1327 3920 1410 3988 apion
1502 3979 1503 3986 ἶ

391 4013 522 4065 victoriae
533 4001 680 4082 symhoiuur
697 4009 837 4074 haberent,
860 4010 956 4063 docent
970 4023 1039 4080 quae
1050 4007 1082 4062 de
1099 4007 1193 4060 Danao
1207 4005 1291 4060 relert
1301 4002 1410 4074 Etyqnol.

389 4095 428 4151 hl.
446 4113 470 4166 p.
488 4098 556 4162 743,
574 4103 616 4152 22.
642 4111 711 4167 quae
738 4102 770 4151 e'r
794 4095 988 4165 integriorihus
1017 4092 1127 4165 Pindari
1150 4090 1261 4145 scholiis
1286 4089 1321 4141 aul
1339 4087 1409 4158 Pyth.

389 4186 428 4246 θ,
447 4185 498 4241 185
517 4181 557 4237 ou.
579 4181 646 4236 th.
671 4184 791 4237 desumto
809 4189 877 4237 sunt.
915 4180 1036 4235 Herculis
1063 4184 1167 4232 statuas
1189 4177 1251 4244 apio
1272 4178 1410 4226 coronatas

389 4274 578 4320 conmemorat
594 4267 777 4323 Tertullianus
799 4267 831 4321 de
859 4267 920 4320 Gor.
945 4264 1021 4318 milit.
1040 4264 1089 4318 7.“
1125 4257 1200 4315 anuo
1223 4260 1303 4312 etiam
1329 4257 1409 4312 ielioi-

389 4353 454 4404 tatis
472 4356 499 4402 et
519 4353 619 4422 longae
641 4356 711 4406 uitae
730 4353 790 4411 coll.
809 4367 886 4421 quern
904 4355 957 4405 ianr
979 4347 1127 4402 laudavero
1146 4346 1252 4400 Acrone
1270 4341 1410 4397 scholiasta

387 4440 415 4489 et
432 4449 508 4504 quem
527 4449 610 4505 supra
627 4435 736 4492 laudari
756 4435 870 4492 Fraasio
890 4437 918 4492 in
936 4440 1001 4490 uota
1020 4437 1063 4491 59.
