3072 5180
1231 381 1271 448 ri

140 535 264 600 Alcinoi
287 554 402 617 uxore,
427 539 485 602 0d.
509 541 584 622 Vll,
607 541 665 609 69:
701 541 795 632 arepi
815 543 912 637 ’κῆρν
930 549 969 640 Ι)
996 561 1210 643 τεέίμηταί
1239 591 1272 632 τε

141 643 193 700 aeci
220 636 378 726 ἕστιννἝκ
406 665 439 708 τε
468 647 564 722 φίλων
596 635 716 712 παίδων
745 646 779 715 l'ar
799 655 832 716 τ’
846 651 941 719 aizoi
959 653 1139 731 Marcoduro.

239 761 273 802 v.
297 735 414 806 5-8.'
434 745 493 807 Vos
516 750 632 811 laetam
650 751 758 832 flaviis
780 752 991 822 encaemorum
1015 761 1174 851 cornam²)
1196 773 1267 850 eet]

140 844 271 926 Primum
285 849 380 924 poeta
392 846 622 942 ipsamllianam
639 853 753 935 laudat,
777 856 885 918 deinde
905 861 971 922 eins
983 851 1117 928 'nemora
1139 887 1269 934 accura-

140 947 202 1006 tius
228 943 388 1044 describit,
415 949 652 1042 quandoquidem
678 957 813 1037 inprimis
835 961 886 1021 est
904 959 962 1022 dea
983 957 1159 1051 ἀγροτέρα,
1187 966 1269 1054 ἄγρη

142 1047 315 1127 τερπομένη
339 1067 364 1108 s.
390 1051 550 1132 venatrix,
582 1059 613 1117 et
650 1075 728 1137 quae
750 1076 893 1138 agrorum
914 1062 1121 1148 silvarumque
1143 1036 1269 1133 honori·
1321 1125 1325 1138 .

140 1149 197 1209 hos
221 1152 310 1229 atque
328 1151 412 1235 ,omni
433 1153 614 1219 amoenitate
636 1163 669 1221 et
690 1160 851 1225 solitudine
875 1159 1055 1246 delectetur,
1078 1167 1154 1232 solis
1167 1170 1268 1251 Nym-

137 1249 206 1334 piris
216 1252 373 1354 comitibus
382 1250 580 1334 α’γρονόμοις.
600 1258 1269 1356 ResnotissimaexHom.0d.VI,102sqq.,

137 1352 224 1414 llum.
235 1353 326 1432 llynr'.
343 1354 372 1414 in
388 1355 476 1417 Dian.
491 1357 623 1421 XXVll·
633 1359 824 1447 l',V.4sqq.,
840 1365 1165 1449 OrphflmeXXl,
1179 1369 1202 1433 4
1218 1389 1266 1454 sq.

137 1447 205 1534 aliis
226 1454 313 1517 locis.
358 1453 421 1518 Cir.
442 1456 554 1522 Catuli.
577 1459 631 1541 34,
655 1461 769 1547 9'sqq.
812 1466 969 1534 Laetam
994 1473 1095 1536 antem
1120 1471 1267 1536 fluviis

137 1558 260 1644 eandem
284 1561 378 1621 vocat
406 1562 440 1622 ui
457 1555 606 1644 ’Ἀρτεμιν
629 1561 786 1648 notamina
814 1571 846 1631 ei
868 1574 1019 1653 λιμνᾶτιν.
1064 1574 1151 1636 Pind
1172 1573 1266 1655 Pyih.

135 1658 176 1750 n,
197 1661 218 1723 o
236 1681 301 1743 sq:
323 1658 494 1744 ’ocream
505 1669 781 1753 -‚,1102apra·;
802 1667 871 1745 aaa
889 1659 1086 1759 messmam.-
1108 1675 1159 1736 uer
1174 1675 1266 1737 ors-

136 1781 235 1826 sem:
263 1763 392 1842 „Diana
414 1765 442 1825 in
467 1761 682 1845 Peloponneso
706 1768 808 1830 multis
831 1771 909 1833 locis
938 1795 1003 1836 cum
1025 1774 1168 1852 lacuhns,
1194 1776 1265 1836 ion-

99 1847 105 1852 ’
139 1865 240 1943 tibus,
273 1865 373 1926 liuvilr
394 1857 551 1930 colebatur
572 1865 750 1942 coniuncta,
778 1869 810 1926 et
831 1869 910 1931 inter
931 1872 1041 1933 duvios
1064 1871 1181 1948 quidem
1205 1889 1265 1933 no-

133 1965 278 2041 minatim*
293 1981 357 2024 cunr
388 1962 506 2026 Cladeo
529 1967 562 2026 et
578 1961 712 2042 Alpheo,
736 1963 814 2025 unde
836 1972 976 2047 ποναμία
995 1969 1115 2031 dicte“.
1158 1968 1265 2054 ltaque

134 2066 236 2126 Diana
258 2058 408 2144 Ἀλφειώα
437 2081 502 2124 conr
523 2052 647 2150 Alpheo
679 2064 802 2130 eandem
832 2065 964 2132 habehat
990 2089 1070 2132 aram
1093 2069 1264 2155 Olympiae,

133 2166 200 2229 vid.
223 2161 349 2226 eundern
370 2151 559 2234 io-Boechhii
581 2165 712 2227 editione
733 2167 770 2229 ad
784 2168 869 2252 Nep.
884 2168 914 2249 l,
937 2169 963 2232 l.
986 2171 1073 2234 Scite
1096 2171 1264 2236 Fischer

133 2272 164 2330 in
193 2267 270 2328 libro
301 2265 464 2346 singulari,
495 2285 581 2348 quem
608 2267 735 2346 scripsit
768 2268 805 2329 de
834 2269 1071 2353 Bellerophonte
1104 2292 1131 2335 a.
1155 2271 1263 2357 1851,

133 2367 353 2430 Diananr'sive
367 2365 502 2446 Σελήνην
525 2369 554 2428 iu
575 2369 819 2432 meridionalihus
844 2373 934 2438 terris
957 2393 1097 2454 magnam
1119 2379 1179 2438 rim
1201 2377 1261 2442 ha*

130 2472 206 2533 here
232 2470 304 2534 dicit
331 2470 369 2532 ad
399 2471 533 2551 pluviam
567 2471 773 2551 gignendam,
803 2473 841 2534 ad
871 2459 984 2555 aquam
1009 2479 1171 2556 parandam
1201 2484 1260 2545 etc.

6 2613 7 2616 ,
132 2605 170 2620 -
181 2593 341 2634 pernoram
353 2569 488 2654 comam]
503 2571 668 2656 Frequenli
681 2573 762 2654 apud
775 2571 912 2638 Graecos
927 2576 965 2638 de
987 2580 1147 2642 arboribus
1166 2586 1260 2664 'tropo

130 2677 220 2738 etiam
247 2676 276 2736 in
301 2693 396 2755 prosa
417 2675 572 2736 orationea
601 2671 715 2755 νόμην,
745 2672 856 2756 φόβην,
878 2678 941 2740 uid.
964 2678 1062 2743 Orell.
1084 2681 1117 2745 'et
1138 2683 1194 2746 cir.
1220 2681 1258 2748 C·

128 2775 422 2856 1v,3‚11.7‚n.
530 2825 533 2831 .
1073 2810 1077 2816 ·

231 2898 263 2939 v.
285 2877 307 2940 9
327 2894 396 2956 sqq.
414 2875 481 2936 -lam
502 2876 628 2942 inverso
649 2875 752 2936 ordine
773 2873 982 2941 collocationis
1002 2882 1134 2964 prim-nni¹
1146 2879 1252 2964 Apol-

128 2980 198 3042 linis
220 2978 312 3039 sedes
337 2958 369 3038 et
387 2975 457 3058 loca
478 2975 653 3055 carissima,
689 2979 749 3037 tum
773 2979 869 3059 iprum
895 2981 982 3048 deum
1001 2983 1147 3045 celebrat.
1192 2981 1257 3046 nt-

130 3097 190 3161 que
220 3081 252 3138 ut
278 3077 429 3154 virgiuum
457 3075 516 3136 fuit
542 3075 667 3138 Dianam
698 3078 821 3143 cantare
850 3076 917 3166 (vs.
940 3081 1068 3176 ee),
1092 3085 1148 3162 ,ita
1177 3082 1255 3148 hone

127 3181 259 3243 invicem
289 3195 387 3240 mares
408 3175 548 3237 iubentur
568 3175 708 3241 laudibus
732 3179 860 3265 tollere,
887 3183 979 3266 plano
1003 3188 1037 3250 ut
1068 3186 1149 3269 apud
1173 3185 1254 3249 So-

125 3281 304 3366 phoclem
328 3275 587 3342 imnachario.
610 3280 767 3343 Diodori.r
863 3341 868 3348 .

221 3375 447 3462 ΙἈνολολν’ξατε
467 3375 573 3458 δόμοις

229 3483 381 3566 ἐφεστίοις
401 3479 570 3563 ἄλαλαγαῖς

226 3581 563 3666 ὁμελλόννμφὸς,
584 3583 624 3648 ἐν
649 3585 688 3646 δὲ
710 3580 848 3657 κοινός
874 3579 1058 3664 ἀρσένων

122 3739 329 3752 *ιιι-ιι·-

176 3827 206 3883 1)
223 3821 291 3886 Περὶ
308 3815 380 3886 κῆρι,
399 3832 459 3869 nore
470 3815 534 3885 cipe
552 3810 624 3878 κῆρι,
641 3809 810 3864 scribendum
825 3815 852 3865 et
865 3813 1095 3882 interpretandum
1107 3830 1167 3872 esre
1181 3833 1251 3872 nunc

229 3909 302 3957 recte
322 3903 491 3972 praecipiunt
508 3894 680 3950 Grammatici
705 3898 732 3945 et
748 3893 856 3950 llomeri
875 3895 1054 3969 interpretes,
1081 3918 1159 3973 quum
1184 3917 1249 3972 pro-

227 3991 287 4057 prie
304 3990 339 4041 sit
358 4001 442 4051 „corn
458 3983 562 4037 llerzen
581 3975 806 4048 umachlossom,
825 3980 935 4037 honest
953 3983 1157 4055 ‚‚herzinmg“‚
1177 3983 1248 4054 quod

226 4071 354 4126 lloralius
372 4069 438 4122 dixit
456 4069 605 4136 penitae.

172 4157 204 4228 2)
222 4155 370 4220 Gomara,
391 4169 445 4207 non
462 4165 565 4215 coma,
585 4146 735 4216 legendum.
762 4146 967 4218 Bernhardy
985 4152 1014 4202 in
1032 4160 1084 4202 rec,
1099 4142 1246 4202 ed‚0mll,2

225 4239 319 4308 „Eine
337 4236 441 4308 gleiche
459 4233 637 4302 Vertheilung
654 4231 755 4302 (rergl.
773 4228 889 4299 Strophe
906 4232 937 4298 3)
955 4229 1041 4283 heisst
1058 4244 1107 4284 uns
1124 4229 1173 4283 des
1186 4227 1245 4282 hob

120 4363 124 4374 .
226 4325 273 4379 der
291 4323 379 4378 Diana
396 4337 449 4377 rou
468 4319 545 4373 ihren
563 4316 716 4371 Attributen
741 4314 881 4378 schemen,
908 4312 951 4367 die
976 4314 1123 4386 sorgieltlg
1146 4329 1244 4384 ausge-

224 4408 360 4464 schmiickt
376 4405 484 4463 werden
501 4405 540 4472 (v.
559 4402 686 4470 6-8)·“
1018 4481 1038 4544 ⁷
