3046 5224
1240 423 1283 469 XV

153 587 238 666 ipsae
262 585 377 646 motorc
399 585 427 644 io
447 584 676 664 proverbiorum
700 583 760 643 uim
783 602 819 646 ac
838 586 1023 664 potestatem
1045 585 1202 668 abiissent,
1226 593 1279 654 vel

153 685 286 748 omnihus
309 687 393 748 cerie
414 684 605 747 mediocriter
622 686 721 748 doctis
743 685 813 766 plus
836 705 922 767 quam
942 691 1032 749 uotae
1052 695 1167 752 errent.
1210 691 1277 754 lta-

152 807 208 870 que
231 787 374 848 Horatius
393 787 472 866 quod
492 787 529 848 ad
554 787 725 869 Grosphom
747 789 870 868 scripsit
893 785 929 850 0.
949 786 988 868 ll,
1013 786 1064 869 16,
1085 789 1144 855 29:
1167 793 1277 857 Nihil

151 893 213 952 est
235 889 281 951 alu
303 889 399 949 omni
422 892 532 969 parte
554 888 722 968 beatum,
744 905 802 950 noo
827 906 882 949 sua
904 891 1066 971 sententia,
1090 895 1170 973 quod
1192 897 1277 976 puti-

152 992 219 1053 dum
243 991 340 1069 icrct,
364 989 481 1054 doctum
505 993 626 1055 amicum
648 1009 768 1054 monere
787 990 903 1070 voluit,
924 993 979 1053 sed
1002 992 1154 1074 Euripidis
1174 999 1279 1060 verhls

152 1096 264 1175 optime
286 1095 344 1174 ipsi
373 1108 494 1174 quoque
521 1094 657 1171 cognitis
695 1098 727 1155 11
755 1093 984 1174 acceptissimis.
1034 1096 1153 1176 „Nosti
1189 1101 1277 1180 enim,

152 1198 210 1276 ait,
231 1216 250 1259 c
273 1192 432 1274 Grospho,
463 1212 550 1275 qoam
573 1213 649 1258 vere
673 1215 709 1258 ac
730 1197 886 1277 sapienter
907 1194 1017 1258 dictum
1039 1198 1080 1260 sit
1101 1199 1174 1260 illud
1197 1202 1278 1282 qood

149 1298 304 1360 ianuiliaris
325 1297 412 1358 nohis
435 1299 527 1378 poeta
550 1297 712 1380 Euripides
735 1298 829 1360 toties
851 1295 999 1360 inculcat:
1027 1295 1066 1363 od
1085 1323 1132 1374 τις
1158 1297 1277 1386 ἀνδρῶν

149 1401 193 1474 εἷς
213 1393 323 1461 ἅπαντ’
343 1392 624 1479 111111ιιμονεῑ”·”).’ι
672 1399 759 1462 locet
788 1402 886 1461 aulem
915 1397 973 1462 liec
1003 1399 1073 1464 loce
1101 1402 1139 1465 de
1166 1425 1278 1484 magna

149 1501 201 1562 illa
225 1520 261 1564 ac
282 1517 379 1581 prope
400 1499 528 1562 dixerim
549 1500 681 1580 prodiga
700 1519 811 1580 coena,
834 1501 873 1563 ad
894 1522 981 1584 quaro
1006 1506 1092 1586 quasi
1116 1507 1276 1588 Euripides

152 1603 269 1665 Horatii
299 1604 412 1665 cornicos
442 1602 568 1680 invitat,
605 1619 684 1665 oonc
719 1603 849 1682 pauculo
870 1606 1014 1685 quaedam
1037 1607 1153 1670 iercula
1174 1628 1275 1690 appo-

149 1722 237 1767 nere:
260 1705 369 1785 qoibos
392 1703 520 1784 quinon
544 1705 672 1766 saturati
692 1704 815 1785 inerint,
838 1707 889 1767 rel
910 1708 1006 1786 ipsum
1030 1708 1175 1772 dominum
1200 1731 1276 1774 con-

151 1809 227 1870 vivii
246 1808 396 1885 salutent,
417 1806 468 1868 rel
484 1805 609 1868 Antonii
629 1803 867 1887 Goebelii²³)
892 1809 1133 1889 scriptiunculam
1158 1812 1278 1892 adeant,

151 1910 199 1989 qoi
223 1912 255 1970 11
279 1909 395 1988 copiam
418 1912 451 1970 11
470 1907 602 1970 ordinem
635 1907 700 1967 elus
728 1925 843 1968 coenae
867 1909 1065 1971 scientissime
1087 1915 1278 1976 monstravit.

151 2009 333 2090 Quamquam
364 2020 452 2090 quom
480 2009 548 2087 lpse
576 2024 696 2088 quoque
724 2007 929 2088 compluribus
959 2009 1016 2070 lam
1045 2009 1152 2074 abhinc
1181 2015 1276 2095 eoois,

151 2115 212 2175 tum
236 2109 470 2174 saneG'oebello
492 2125 549 2168 noo
572 2110 722 2190 inspecto,
744 2113 793 2171 sat
814 2109 1044 2173 noltasilroecl
1069 2118 1179 2193 poetae
1201 2134 1276 2176 sen-

152 2215 260 2277 tentias
283 2214 430 2276 collectas
453 2228 517 2271 com
539 2209 668 2274 Horatio
695 2211 897 2288 contulissem,
921 2231 998 2276 nunc
1019 2215 1120 2277 mirum
1143 2236 1275 2280 conseo-

149 2336 214 2378 sum
238 2334 301 2377 cum
323 2314 376 2376 illo
398 2311 592 2392 deprehendi.
642 2313 743 2396 Quare
772 2311 830 2375 hoc
858 2319 943 2377 tanto
973 2318 1086 2380 certius
1108 2317 1176 2380 mihi
1198 2337 1272 2398 per·

150 2419 251 2496 suasi,
279 2436 345 2479 eam
368 2433 430 2477 rem
453 2429 512 2474 non
534 2415 648 2494 aleam,
675 2415 729 2476 sed
754 2416 900 2478 rationem
923 2417 1049 2501 aliquam
1072 2421 1274 2482 necessariam

149 2520 246 2600 sequi.
299 2518 363 2580 Sed
389 2519 422 2577 ut
448 2519 505 2578 iam
530 2515 670 2578 nonnulla
700 2515 899 2594 degustemus
927 2540 968 2583 ex
995 2523 1159 2604 Euripide,
1198 2541 1276 2604 quoe

149 2621 280 2685 collecta
310 2637 326 2680 o
355 2637 401 2680 oue
427 2621 459 2682 11
483 2617 632 2681 Gocbelio
663 2617 731 2680 hoio
761 2623 871 2684 rationi
899 2626 931 2685 et
961 2623 1157 2705 explicationi
1187 2624 1275 2686 iidem

150 2723 263 2785 addere
293 2722 427 2801 possint:
469 2720 557 2782 duxlt
603 2739 644 2782 ex
679 2721 822 2800 Euripide
858 2726 1001 2785 uniuersa
1027 2724 1126 2789 Carm.
1159 2726 1190 2803 l,
1222 2724 1276 2788 34.

148 2825 321 2903 sententia,
346 2825 378 2884 o'.
403 2822 517 2884 Bacch.
539 2821 605 2886 393
625 2841 716 2903 seqq.
737 2823 794 2900 (ci.
815 2823 938 2885 Herael.
958 2822 1022 2886 991
1033 2826 1134 2908 seqq.)
1142 2847 1152 2899 ;
1187 2829 1276 2887 item-

151 2945 209 3006 que
235 2925 272 2990 C·
286 2925 327 3004 ll,
343 2925 393 3004 19,
416 2923 632 2986 celeberrimos
655 2925 684 2983 in
703 2923 851 2984 Bacchum
874 2922 1013 3002 hymnus,
1037 2943 1077 2987 ex
1099 2929 1203 2988 eadem
1225 2930 1276 2990 ia-

150 3027 231 3106 bola,
253 3029 320 3087 sire
342 3029 484 3108 spectata
504 3024 595 3104 paolo
618 3028 688 3084 ante
713 3025 781 3084 sire
804 3023 937 3103 relecto,
969 3027 1051 3086 totus
1090 3031 1275 3108 compositos

151 3132 211 3208 1ε1,
233 3130 296 3190 vid.
322 3149 371 3191 rs.
392 3123 468 3190 874.
490 3124 565 3190 281.
588 3123 663 3190 723.
685 3139 755 3207 sqq.
779 3122 850 3186 142.
871 3145 915 3208 sq.
932 3125 1006 3191 558.
1022 3127 1275 3195 condendos.

150 3227 215 3295 998
237 3233 268 3291 11
302 3228 372 3292 193.
395 3225 468 3291 378.
489 3227 583 3308 419.,
604 3233 635 3291 11
656 3229 685 3289 lo
707 3227 807 3308 Epist.
829 3227 861 3308 l,
889 3228 945 3308 16,
973 3227 1016 3294 73
1036 3249 1125 3314 seqq.
1153 3234 1275 3311 integro
1307 3230 1313 3243 ‘

149 3354 190 3396 ex
213 3333 318 3394 iisdem
334 3329 461 3393 Bacchis
484 3328 548 3394 492
568 3350 639 3412 sqq.
665 3347 758 3391 scena
779 3331 843 3391 lere
865 3332 901 3392 ad
926 3333 1050 3403 verbum
1074 3335 1179 3398 Latine
1202 3337 1276 3397 red-

83 3427 89 3434 ’
148 3437 211 3498 dita
233 3437 359 3512 legitur.
380 3431 498 3493 Deinde
518 3431 547 3492 in
564 3430 662 3495 Cornu.
677 3431 733 3511 lv,
749 3430 778 3495 7.
801 3434 838 3495 ad
848 3433 1034 3517 Torquatum
1054 3437 1169 3516 scripto
1191 3456 1276 3499 oom-

150 3540 254 3620 plures
277 3539 310 3597 et
333 3535 500 3596 sententiae
524 3536 556 3596 11
581 3552 734 3615 personae
757 3537 938 3616 Euripideae
969 3539 1145 3600 coniunctae
1174 3540 1270 3600 conti-

148 3639 274 3702 nentur:
299 3637 353 3697 clr.
374 3656 425 3698 vs.
443 3636 463 3700 7
483 3656 530 3718 sq.
555 3656 620 3700 coro
645 3639 748 3719 Eurip.
770 3637 841 3699 Alc.
865 3637 929 3702 799
951 3642 983 3700 11
1005 3640 1045 3699 ir.
1070 3642 1127 3703 inc.
1149 3639 1202 3718 45,
1226 3660 1276 3701 vs.

152 3740 193 3806 13
216 3758 283 3821 sqq.
306 3757 367 3800 curo
389 3739 545 3819 lilelcngr.
568 3739 621 3821 29,
644 3761 693 3803 vs.
706 3741 745 3804 17
767 3738 908 3803 comAlc.
921 3737 986 3804 784
1006 3760 1065 3822 sq,
1088 3759 1136 3802 vs.
1149 3741 1190 3804 21
1205 3759 1274 3822 sqq.

154 3954 359 3966 ——u—

183 4087 230 4156 22)
247 4085 311 4157 Frg.
328 4085 405 4142 illex.
423 4096 448 4154 3,
473 4089 542 4162 hog.
568 4092 663 4158 inii..
691 4093 782 4148 Sihcn.
810 4103 851 4159 1.‚
880 4101 907 4151 et
930 4096 1034 4166 paulum
1055 4097 1185 4147 uariatum
1201 4089 1273 4146 liled.

255 4179 324 4231 1228
348 4179 374 4226 11
392 4172 449 4242 1ρ1.
466 4173 496 4228 A.
518 4179 576 4230 161.
615 4178 669 4233 Gir.
696 4176 924 4249 Philippides
950 4181 1065 4233 comicus
1089 4192 1132 4246 ap.
1149 4175 1233 4230 Mein.
1250 4183 1276 4232 ct

250 4255 433 4328 Aristoph.
451 4257 518 4313 lton.
538 4265 615 4326 1217,
635 4265 681 4332 qui
699 4266 783 4333 ipsum
801 4263 951 4333 Euripidem
972 4263 1064 4317 eadem
1083 4261 1211 4316 dicentem
1229 4261 1274 4316 ia·

254 4343 334 4393 ciunt.

184 4464 233 4530 23)
247 4479 292 4533 ap.
309 4465 428 4522 liliotzell.
448 4467 629 4533 „Zeitsohrilt
647 4474 664 4526 i.
684 4471 962 4544 Gymnosialweseu“,
984 4481 1047 4534 1851
1070 4494 1096 4546 p.
1115 4481 1167 4534 298
1183 4491 1241 4547 sqq.
