3072 5180
361 479 526 566 Κλεάνδρῳ
547 504 593 555 τις
613 477 715 564 ἁλικίᾳ
739 503 770 542 τε
791 478 954 564 λύτρονἶ

361 573 588 658 saloninae
611 585 685 659 νέοι,
708 575 892 661 καμάτων

406 721 452 754 -,
550 717 589 728 -
627 746 630 752 Δ
693 713 734 726 -
821 673 1015 765 ’ἀνεγειρέτω

361 780 678 868 κῶμον,’“1σθμκι’δος
701 807 734 846 τε
757 787 844 866 νίκας
866 781 1026 848 ἄποινα.
1114 824 1118 832 ·

151 885 228 947 Nam
250 886 329 968 quod
341 887 487 949 Pindarus
508 887 539 949 ln.
563 887 582 951 l.
605 891 638 948 et
649 884 742 966 Pylo.
753 883 791 965 V,
803 883 882 950 106:
905 886 999 967 μέλος
1018 885 1189 948 καλλίνικον
1208 887 1275 945 λιι-

150 982 292 1070 τιῐριον
314 991 504 1070 δαπανᾶν,
525 1008 643 1053 oarmen
666 989 789 1052 eiiioero
804 988 887 1068 dicit,
912 989 942 1050 id
957 987 1086 1050 Horatio
1111 982 1273 1046 testudo

152 1093 306 1169 praestat,
338 1097 372 1154 ut
403 1093 528 1156 virtutis
559 1092 691 1154 laborem
721 1091 810 1152 laudo
839 1091 1026 1170 compenset.
1079 1085 1169 1148 Adde
1194 1083 1274 1165 quud

150 1187 388 1274 ἀνεγειρέτω
417 1201 538 1274 κῶμον,
569 1198 601 1274 ut
621 1191 675 1256 01.
703 1192 780 1273 Vll,
809 1191 867 1255 42:
900 1186 1028 1274 ἔγειρ’
1056 1188 1155 1252 ἐπέων
1175 1177 1273 1265 ὀἷμον

149 1290 247 1373 λιγύν,
270 1299 320 1358 est
339 1297 458 1366 Horatii
482 1293 519 1358 C.
536 1294 650 1376 11,-10,
669 1294 725 1360 19:
758 1292 901 1375 „Apollo
924 1293 1102 1355 suseitat
1123 1287 1273 1372 illusam.“

150 1393 291 1475 Denique
310 1398 354 1458 sio
377 1397 495 1460 Horatii
516 1397 614 1459 locum
639 1398 760 1478 aoeepit
793 1396 843 1458 vir
871 1394 1109 1472 sagacissimus,
1141 1387 1270 1453 ineolu—

150 1513 309 1558 mannus
335 1496 763 1581 annueret.v,3ln.p.2882
788 1499 840 1582 qui
864 1515 1027 1579 eumque
1049 1496 1107 1556 nisi
1131 1511 1196 1556 ourn
1217 1508 1271 1552 re·

149 1597 254 1660 lativiu
276 1601 462 1669 coniunctum
486 1619 543 1664 nou
568 1619 747 1682 agnoscens*
764 1600 822 1664 lnoo
850 1616 972 1683 quoque
1001 1598 1070 1660 loeo
1093 1595 1271 1658 emendato

147 1699 288 1791 laborem
295 1702 398 1765 Dulce
416 1691 550 1768 lenimen
571 1707 848 1786 medicumque
865 1705 954 1764 nolae
968 1697 1191 1763 relevamini·
1208 1695 1270 1756 lle-

148 1802 331 1864 oordabatur
353 1805 498 1867 videlieet
519 1807 570 1868 ille
589 1809 718 1869 Horatio
739 1806 815 1870 haee
845 1805 990 1867 scribenti
1010 1801 1135 1862 eundem
1152 1794 1270 1859 Pinda-

149 1921 214 1962 rum
238 1905 397 1979 olveroari
425 1897 585 1986 potuisse,
618 1909 669 1988 qui
698 1924 794 1986 saepe
819 1909 907 1969 etiam
931 1923 1050 1970 oarmen
1072 1921 1098 1963 ε.
1121 1897 1270 1962 uictoriae

148 2003 266 2064 laudem
294 1999 346 2085 (τὸ
376 2003 564 2086 καλλίνικον)
595 2007 725 2070 dixisset
755 2003 850 2084 tinec
871 2012 994 2090 πλαγᾶν
1015 2008 1100 2070 Nem.
1118 2000 1174 2081 ΙΙΙ,
1199 1996 1268 2079 18.,

147 2101 290 2187 ἰατρόν
310 2102 412 2169 πόνων
435 2107 642 2189 Nenr.lV,2.,
666 2097 877 2191 φάρμακον
898 2107 1060 2174 κάλλιστον
1083 2104 1134 2180 ἑᾶς
1156 2097 1291 2202 ἀρετᾶς.

148 2205 323 2286 Ργ11.11’,
352 2205 422 2270 187.
451 2209 507 2284 uiri
532 2211 595 2273 vil.
615 2211 746 2276 ‘Dissem
797 2210 909 2274 Verum
939 2215 1071 2291 ingenue
1100 2213 1133 2273 ut
1155 2195 1272 2284 lutear‘,
1334 2214 1339 2220 ’

147 2307 215 2369 mihi
237 2307 616 2394 Lachmannixoonieetura
646 2313 821 2393 elegantior
843 2335 931 2399 quam
953 2317 1057 2380 uerior
1079 2329 1154 2376 esse
1175 2309 1266 2371 vide-

147 2414 203 2472 tur.
246 2411 322 2472 Nam
345 2411 418 2474 illud
441 2433 599 2498 numque
625 2417 677 2478 vel
708 2418 781 2479 miro
809 2417 953 2484 (lodicum
977 2424 1009 2482 et
1029 2415 1267 2481 Solroliastarum

146 2531 295 2574 consensu
317 2517 410 2596 atque
432 2517 592 2581 nuerniiesto
613 2524 828 2586 renteutiarum
849 2541 930 2584 nexu
961 2520 990 2581 lu.
1013 2519 1035 2581 l.
1057 2520 1134 2583 satis
1156 2513 1267 2576 delen-

145 2615 222 2678 ditur
244 2618 275 2677 et
295 2620 495 2681 sustentatur.
546 2620 594 2682 De
618 2623 716 2685 Latini
746 2626 893 2686 sermonis
924 2620 1067 2695 analogia
1095 2621 1127 2680 et
1150 2617 1188 2674 de
1212 2633 1266 2675 ar-

144 2718 274 2783 chaismo
292 2717 317 2796 ¹)
347 2739 494 2798 quaerere
522 2724 719 2800 interpretum
750 2726 825 2786 erit:
857 2722 975 2784 Graeoe
998 2717 1116 2778 Horatii
1139 2714 1266 2773 senien-

143 2826 213 2886 tiam
235 2824 281 2883 eie
302 2815 500 2880 reddiderim:
530 2816 607 2882 ἄλλα
636 2817 675 2883 od
695 2825 788 2902 χαῖρέ
812 2844 866 2900 μοι
893 2816 956 2879 αἐί
974 2839 1070 2879 ποτε
1088 2815 1215 2884 δικαίως
1237 2804 1267 2872 o'

141 2916 388 2998 iurxoiouiurlff)
431 2920 484 2980 Sio
506 2919 602 2999 Soplr.
626 2920 699 2983 Ant.
715 2921 789 2986 456.
811 2917 923 2983 Solu:
945 2910 1010 2980 ἀλλ’
1031 2911 1093 2978 dei
1114 2933 1211 2974 ποτε
1228 2910 1269 2998 ζῇ
1371 2985 1373 2990 Ι

140 3025 248 3099 ταῦτα,
267 3021 321 3080 ie.
339 3018 422 3097 „seul
447 3019 512 3080 iure
534 3020 637 3084 diuina
658 3024 767 3106 tannen,
791 3026 943 3100 uteunque
965 3019 1032 3098 erit,
1055 3028 1264 3093 sempermo-

140 3122 256 3186 nebunt
264 3119 284 3157 “
294 3119 407 3202 (oeni.
417 3117 518 3204 3211).
540 3122 647 3185 Possis
661 3125 750 3206 etiam
763 3105 885 3189 vertere
895 3121 988 3206 χαῖρέ
1002 3145 1056 3202 μοι
1071 3115 1266 3182 ἐπικαλοῦντι

141 3223 219 3304 det,
244 3225 264 3282 i.
285 3240 313 3283 e.
341 3219 387 3284 ciel
408 3225 502 3307 χαῖρέ
527 3250 582 3305 μοι
603 3224 813 3309 inexoratam,
839 3223 915 3292 ὅταν
935 3228 1066 3297 manime·
1085 3219 1124 3303 γε’
1141 3213 1172 3282 0¹
1191 3216 1264 3283 iut-

141 3327 233 3405 καλῶ,
255 3327 287 3385 ut
302 3322 413 3387 Graeci
434 3319 482 3387 ciri
503 3325 664 3405 eleganter
685 3319 833 3411 usurpare
854 3327 956 3391 solent
974 3325 1022 3390 his
1041 3316 1264 3402 intelligentes.

140 3426 238 3508 Soph.
253 3425 290 3492 0.
306 3424 344 3489 O·
368 3423 469 3491 1555:
490 3427 661 3508 μέμνησθέ
680 3429 741 3511 ’μον
763 3427 920 3505 θανόντος
939 3427 1075 3512 εὐτυχεῖς
1098 3423 1175 3506 ολεί,
1193 3424 1222 3484 ln.
1236 3442 1264 3488 e.

140 3530 230 3609 „mei
255 3545 380 3610 oumqne
407 3531 515 3592 mortui
537 3533 740 3614 memineritis,
761 3537 913 3615 uteunque
932 3533 990 3612 ipsi
1011 3532 1118 3593 ielioes
1139 3529 1232 3589 eritis.
1241 3521 1263 3564 “

139 3630 185 3691 ld.
208 3629 285 3692 Phil.
309 3625 389 3692 148:
419 3625 499 3714 πρός
519 3627 593 3712 Ιμήν
614 3633 693 3696 nisi
713 3643 805 3715 χεῖρα
826 3635 998 3716 προχωρῶν
1018 3633 1124 3712 Πειρῶ
1141 3623 1177 3693 td
1196 3623 1262 3692 oror-

141 3731 197 3818 ρόν
217 3727 413 3814 θεραπεύειν,
437 3732 505 3810 „ad
527 3735 619 3810 sigua
643 3749 730 3794 mauu
753 3751 819 3796 mea
841 3751 965 3816 eumque
987 3732 1061 3796 data
1082 3730 1264 3813 prooedeue‚

141 3837 186 3898 sio
207 3850 328 3916 semper
349 3833 474 3912 paratus
494 3832 606 3910 agendi
627 3835 883 3914 opportunitatem
906 3835 1079 3900 ohservu.“
1116 3833 1264 3896 Preoatur

147 4009 350 4023 -ι-Ι

192 4111 221 4182 1)
240 4110 345 4166 Luerel.
364 4109 395 4171 v.
415 4117 474 4168 312.
497 4113 556 4169 583.
580 4111 625 4166 ubi
651 4119 713 4186 ante
730 4111 926 4170 Laolrmannum
953 4129 1122 4188 quomque
1145 4114 1261 4184 expliea-

245 4196 310 4250 lnant
328 4212 377 4265 pro
403 4195 600 4268 ‚‚jedosmal“,
626 4202 654 4251 ut
678 4197 888 4271 Bernhardy
910 4203 938 4255 in
959 4213 1028 4258 eene.
1052 4201 1092 4260 ed.
1111 4199 1193 4258 0reli.

192 4283 224 4352 λ)
241 4279 298 4340 loa.
317 4280 487 4352 Scaliger
512 4281 546 4336 ad
569 4281 664 4338 Lucilii
683 4283 743 4344 lun.
762 4285 880 4344 Aetnam.
907 4303 930 4345 v.
950 4290 973 4344 6.
999 4299 1089 4342 verum
1113 4288 1263 4356 suspicatus

247 4365 351 4420 Horatii
370 4367 456 4421 ionum
475 4363 576 4424 (iraeoe
598 4372 637 4424 sie
657 4359 760 4426 rodulii:
785 4373 861 4443 χαῖρέ
878 4375 929 4442 μοι’
943 4390 1010 4428 ποτε
1029 4369 1212 4428 ἐπικαλοῦντα
