3046 5224
242 448 244 454 s
262 397 316 444 XIV

260 566 355 644 igliur
376 565 548 628 imitationis
570 564 707 642 vestigia
735 563 815 644 apud
842 563 915 626 Hor.
935 583 1022 646 quom
1044 583 1100 646 per
1115 565 1212 626 omnia
1225 567 1385 630 carminum

261 688 378 748 genera
399 669 538 750 dispersa
561 667 593 728 et
613 671 787 746 propagata
809 668 887 745 sint,
916 684 970 730 nec
994 668 1060 747 ipse
1083 685 1208 750 usquam
1234 687 1300 732 eam
1322 689 1384 731 rem

261 770 481 849 occultaverit,
508 767 565 829 sed
593 769 770 849 frequenter
797 770 829 831 et
849 767 950 830 dedita
981 786 1074 848 opera
1104 788 1179 850 prae
1208 781 1243 833 sie
1272 772 1384 849 tulerit,

258 875 319 936 lum
349 873 451 954 priora
479 870 608 934 carmine
632 868 737 934 melica
763 857 807 931 ex
845 887 882 932 ea
907 872 1102 952 potissimum,
1122 869 1271 952 pendent:
1301 873 1337 936 t'.
1360 871 1385 951 1,
1452 945 1463 954 -

258 973 292 1040 6-
314 975 339 1058 l,
364 974 413 1038 15.
434 969 531 1053 1,28.
552 969 622 1032 alia.
633 964 677 1052 3⁶)

362 1075 489 1138 Praeter
510 1072 670 1134 Homerum
695 1072 795 1132 autom
824 1069 968 1132 nemiuem
993 1072 1135 1134 libentius
1155 1093 1191 1136 ac
1218 1074 1382 1138 studiosius

260 1177 391 1240 imitatus
419 1177 468 1236 est
500 1193 587 1256 quam
610 1172 860 1254 Euripidem,
890 1174 1143 1253 sapientissimum
1169 1175 1249 1238 illum
1271 1180 1303 1240 et
1325 1197 1383 1241 au-

258 1271 396 1359 reumfl)
421 1279 562 1357 poetam,
596 1273 803 1356 philosophum
833 1274 871 1336 de
892 1293 1001 1352 scena,
1022 1275 1079 1336 sed
1100 1275 1186 1337 nimis
1210 1277 1383 1355 neglectum

257 1380 295 1442 ah
312 1378 532 1459 luterpretilrus
553 1378 690 1442 Horatii:
712 1379 761 1460 qui
784 1376 849 1438 elus
870 1376 1042 1440 testimonia
1066 1394 1119 1438 ore
1141 1379 1269 1440 rotundo
1292 1378 1384 1473 crota,

258 1500 317 1564 quo
339 1483 406 1562 ipse
426 1480 557 1544 limatior
581 1482 673 1562 atque
695 1479 861 1560 perfectior
881 1479 1019 1558 emittit,
1043 1496 1082 1540 eo
1109 1480 1210 1559 magia
1234 1483 1267 1541 et
1288 1498 1383 1561 aper-

256 1585 316 1646 tius
338 1585 475 1646 sectatus
498 1585 566 1662 est,
590 1585 623 1643 ut
641 1579 720 1642 haud
742 1581 852 1659 sciam,
883 1580 1007 1660 anille,
1034 1581 1112 1661 quod
1135 1583 1253 1665 quidem
1272 1583 1310 1644 ad
1331 1600 1382 1644 res

255 1687 394 1766 attineat,
416 1685 512 1766 primo
534 1685 659 1747 omnium
679 1684 747 1745 loco
770 1682 926 1762 ponendus
945 1683 997 1746 sit.
1020 1684 1093 1753 llum
1110 1683 1254 1746 llcratius
1273 1702 1381 1763 qnam-

257 1805 345 1870 qunm
361 1805 511 1869 nunquam
528 1784 663 1867 appellat
677 1784 804 1862 nomine,
825 1800 858 1844 rc
873 1785 971 1845 tamen
985 1783 1227 1866 frequentis-sime
1249 1803 1383 1866 expres-

251 1891 306 1970 sit,
328 1893 362 1952 ut
383 1890 502 1953 iecerat
521 1889 578 1949 iam
600 1884 709 1950 Cicero
723 1879 780 1966 ¹⁸).
823 1883 897 1946 Nam
918 1902 959 1946 ex
978 1883 1065 1948 huius
1086 1889 1269 1969 potissimum
1290 1889 1381 1949 iabu-

253 1991 292 2055 lia
311 2009 461 2072 personas
482 1989 620 2050 scenicas
631 1984 677 2068 19)
692 1988 726 2050 et
745 1985 885 2066 exempla
905 1987 984 2067 petit
1002 1987 1043 2051 ad
1062 1993 1228 2070 praccepta
1249 2008 1304 2052 sna
1325 1989 1381 2052 iir-

254 2087 432 2172 manda²⁰)‚
461 2090 494 2150 et
518 2089 674 2166 primarias
695 2085 865 2150 carminum
885 2091 1053 2152 sententiaa
1075 2092 1113 2153 ah
1134 2093 1241 2158 ecdem
1262 2097 1381 2155 mutua-

254 2198 314 2259 tur.
358 2193 425 2254 Nec
443 2191 548 2250 mirum
565 2187 644 2264 ¹hoc,
668 2206 757 2266 quum
778 2192 810 2250 et
831 2189 987 2270 utriusque
1006 2189 1175 2256 humanitus
1196 2213 1232 2259 ac
1248 2195 1381 2276 prodeu-

252 2298 297 2361 tia
317 2295 412 2357 amice
433 2281 696 2368 conspiraret²¹l‚
714 2305 769 2350 nec
782 2287 963 2368 locupletior
974 2291 1027 2356 illo
1042 2297 1258 2358 sententiarum
1276 2301 1382 2360 auctor

256 2397 415 2462 exstaret:
444 2409 531 2473 quum
561 2390 738 2470 praesertim
766 2389 837 2451 illae
858 2390 911 2452 vel
935 2409 977 2452 ex
999 2395 1173 2472 proverbiis
1196 2396 1381 2460 Graecorum

254 2500 363 2577 natae,
384 2494 436 2558 vel
460 2510 501 2554 ex
524 2490 754 2556 clarissimorum
775 2491 906 2554 virorum
928 2491 1016 2556 ditatis
1036 2490 1167 2558 haustae
1184 2501 1302 2579 essent,
1327 2499 1379 2560 vel

260 2662 464 2678 ...ι-.-

289 2765 339 2836 16)
354 2763 563 2820 Homericae
582 2761 739 2814 imitationis
758 2761 878 2829 exempla
897 2765 949 2813 tam
969 2763 1195 2832 innumerarum,
1215 2773 1244 2820 ut
1261 2768 1304 2821 vel
1323 2785 1378 2822 mo-

357 2848 419 2903 dica
439 2863 471 2902 ex
487 2847 521 2898 iis
540 2845 651 2909 electio,
678 2845 700 2897 si
727 2843 805 2898 modo
826 2848 999 2910 instanteset,
1024 2845 1101 2902 huius
1132 2851 1216 2905 libelli
1241 2857 1380 2922 angustias

357 2933 440 3004 longe
458 2932 606 2987 excederet.
630 2930 679 2985 Sat
695 2947 760 2984 aero
781 2930 853 2985 bona
870 2934 949 3001 copia
967 2947 1059 2987 eorum
1079 2935 1122 2988 rel
1139 2937 1166 2989 in
1188 2936 1285 3006 consp.
1305 2939 1379 2992 loco·

356 3034 414 3072 rum
433 3016 461 3071 G.
479 3017 527 3072 lib.
546 3015 565 3070 l.
584 3017 697 3070 collecta
713 3022 762 3070 cst.

287 3117 335 3186 17)
353 3115 417 3186 Frg.
434 3113 550 3184 Diphili:
568 3107 608 3168 Ei
625 3110 666 3182 y'o‘
682 3112 903 3181 κατάχρυσος
920 3112 978 3168 εἶπε
995 3114 1067 3169 τοὸτ’
1086 3114 1234 3186 Εὐριπίδης
1251 3116 1307 3170 acl..

289 3216 337 3286 18)
355 3214 415 3282 lpse
436 3229 542 3285 quoque
561 3212 683 3267 Cicero
697 3209 865 3281 Euripidem,
885 3217 960 3267 cuius
980 3218 1120 3268 sententiis
1139 3219 1195 3268 eius
1214 3219 1314 3285 scripta
1334 3232 1377 3270 re-

358 3298 428 3352 lenta
445 3304 522 3362 sunt,
546 3313 610 3351 raro
635 3299 767 3360 nominat,
793 3312 841 3352 neo
858 3303 911 3350 taur
932 3300 998 3350 citat
1023 3312 1114 3362 ‚,vera
1131 3301 1188 3351 eius
1207 3303 1376 3370 praecepta“

357 3381 406 3451 (ad
424 3381 483 3436 Diu.
498 3391 539 3448 13,
558 3385 605 3452 15)
620 3383 662 3437 vel
683 3382 886 3447 ,‚testiuronia“
904 3381 975 3450 (ibid
992 3386 1034 3447 16,
1050 3382 1081 3449 8)
1100 3397 1176 3452 quum
1195 3385 1288 3452 gnaris
1313 3385 1378 3437 ami-

359 3469 398 3521 cit
423 3469 450 3520 iu
475 3471 626 3522 memoriam
657 3467 770 3536 redigit,
808 3471 837 3518 ut
863 3480 944 3534 saepe
974 3465 1013 3518 nil
1036 3467 1089 3518 uisi
1114 3468 1216 3520 initium
1240 3467 1376 3536 proterat:

358 3551 438 3606 Tusc.
457 3552 489 3614 Q.
507 3552 560 3617 ili,
581 3556 621 3617 14,
640 3557 683 3608 29.
709 3549 768 3616 (cll.
787 3549 880 3604 llorat.
905 3550 933 3603 G.
952 3549 986 3613 ll,
1005 3556 1046 3612 10,
1066 3557 1098 3606 13
1118 3566 1173 3620 seq.
1192 3558 1219 3604 et
1236 3550 1326 3621 Eurip.
1345 3553 1378 3607 ir.

356 3635 439 3692 Thes.
457 3637 513 3705 6.),
533 3639 567 3692 ad
583 3636 637 3691 Ait.
654 3635 710 3699 XV,
729 3633 834 3704 4(Eur.
844 3633 916 3688 Med.
930 3637 997 3690 411:
1018 3632 1074 3686 ἄνω
1087 3635 1229 3702 ποταμῶν,
1251 3637 1293 3691 cll.
1312 3636 1376 3692 Hor.

358 3720 487 3787 u.1,29,
507 3728 567 3788 1ο),
587 3722 618 3777 de
635 3721 685 3776 Fra
715 3719 750 3784 ll,
769 3728 812 3777 32.
832 3719 867 3772 ad
886 3718 939 3772 hit.
952 3717 986 3783 ll,
1003 3722 1046 3774 25.
1062 3720 1097 3772 al.

288 3820 337 3890 19)
353 3820 410 3874 Sat.
425 3819 459 3886 ΙΙ,
473 3828 499 3886 3,
518 3824 680 3878 rac-140:
703 3805 793 3874 Orest.
811 3835 835 3874 u.
850 3819 902 3875 264
920 3832 978 3887 sqq.
995 3814 1043 3885 [λς
1061 3832 1099 3870 vs.
1114 3823 1180 3876 303:
1199 3819 1295 3874 Bacch.
1311 3822 1379 3878 1214

357 3919 447 3975 seqq.;
471 3902 499 3956 G.
514 3902 559 3968 lv,
581 3912 607 3968 7,
627 3907 661 3960 25
679 3919 754 3975 atqup:
776 3901 864 3970 llippl.
885 3903 966 3966 1437;
985 3915 1025 3954 vs,
1041 3907 1076 3958 27
1094 3917 1151 3973 sq.:
1171 3902 1204 3957 ir.
1223 3901 1318 3959 Piriih.
1335 3906 1379 3972 4.,

355 3985 440 4058 Epist,
456 3986 477 4051 l,
497 3994 540 4050 18,
557 3990 591 4044 43
607 4003 675 4058 sqq„
694 3987 741 4040 ubi
760 4002 785 4046 v.
801 3985 885 4042 Orell.
904 3992 953 4040 cet.
976 3985 1029 4043 Gir.
1049 3984 1229 4041 Estreium
1248 4002 1272 4056 p.
1280 3993 1314 4044 37
1328 4003 1377 4058 sq„

357 4077 404 4146 qui
422 4075 511 4128 ornnia
538 4074 594 4126 eiua
613 4074 654 4126 rei
671 4073 788 4142 vestigia
805 4076 961 4140 persecutus
980 4076 1029 4127 eat.

287 4181 334 4234 20)
353 4173 383 4228 ll.
402 4173 433 4228 P.
451 4175 575 4232 952-98.
596 4177 757 4229 185-187.

288 4273 336 4341 21)
354 4272 384 4325 Sl
401 4269 664 4342 philosophiam
682 4269 771 4324 dicere
783 4268 869 4332 malis,
885 4271 1063 4322 recentiorum
1082 4266 1212 4323 vocabulo
1224 4273 1290 4323 satis
1308 4277 1380 4325 recte

357 4357 557 4410 realismurn
582 4355 771 4424 appellaveris.
807 4351 867 4407 vid.
892 4351 1010 4408 Haasil
1030 4370 1096 4409 coru.
1116 4355 1148 4410 de
1165 4353 1301 4425 Euripidis
1319 4356 1378 4426 plri-

358 4437 491 4508 lcauphia‚
510 4437 603 4509 Magd.
623 4440 699 4495 1843.
